1648 3036
451 49 1030 115 LIBERII.
1431 65 1508 143 3i

11 131 132 179 tifl‘et
154 146 167 187 ;
193 146 349 180 omnes
368 136 537 183 Nervii
571 139 898 185 confertiffimo
929 142 1129 200 agmine,
1157 143 1272 191 duce
1293 149 1511 212 Boduog-

11 202 138 245 nato,
166 193 246 246 qui
263 194 494 241 summam
517 197 698 256 imperii
717 198 914 254 tenebat,
946 200 1002 243 ad
1023 213 1128 243 eum
1147 202 1302 248 locum
1326 221 1514 254 conten-

10 245 208 295 derunt:
242 263 440 304 quorum
465 267 567 312 pars
586 265 744 314 aperto
777 254 916 299 latere
952 256 1146 316 legiones
1167 261 1513 324 circumvenire,

11 316 117 362 pars
151 305 389 350 summum
429 309 584 352 locum
622 312 879 354 castrorum
931 326 1082 371 petere
1115 317 1270 376 coepit.
1331 323 1512 368 Eodem

12 360 184 415 equites
199 361 363 413 nostri,
394 364 592 421 levisque
608 379 854 412 armaturae
886 371 1075 429 pedites,
1102 376 1182 428 qui
1202 389 1306 418 cum
1329 376 1398 422 his
1419 393 1512 425 una

40 428 213 471 uetant,
231 433 344 473 quos
362 422 517 480 primo
528 424 734 468 hostiurn
757 425 933 484 impetu
952 428 1099 486 pulsos
1118 432 1342 486 dixeram,
1362 449 1510 490 quum

12 473 54 516 se
91 474 137 516 in
169 474 314 522 castra
334 480 595 534 reciperent,
626 480 820 524 adversis
854 483 1063 529 hostibus
1099 488 1409 545 occurrebant,
1457 509 1511 538 ac

10 529 172 577 sursus
193 533 333 577 aliam
368 534 412 578 in
447 548 624 594 partem
651 538 808 595 fugam
834 541 1073 595 petebant:
1122 543 1172 587 &
1205 545 1395 601 calones,
1427 553 1510 606 qui

10 589 279 635 Decumana
308 604 458 649 porta,
490 592 516 636 ὲ
556 594 739 638 summo
773 597 885 653 jugo
933 599 1063 641 collis
1100 602 1278 646 nostros
1318 606 1513 652 vidiores

13 642 186 687 flumen
212 648 402 693 transire
423 650 753 707 conspexerant,
768 653 997 710 praedandi
1020 658 1164 700 cauffa
1184 658 1345 717 egreffi,
1365 677 1511 718 quum

10 699 318 758 ,aspexis-sent,
350 705 397 748 &
437 705 583 751 hostes
621 710 667 750 in
703 712 869 754 nostris
889 713 1047 756 castris
1080 716 1245 760 versari
1281 717 1512 774 vidiffent‚

17 759 265 815 praecipites
295 761 380 809 sese
411 761 532 821 fugae
571 765 867 811 mandabant.
919 769 1065 811 Simul
1102 784 1270 827 eorum,
1304 777 1511 830 quicum

14 816 364 872 impedimentis
399 821 658 876 veniebant,
689 823 863 867 clamor
899 822 1198 881 fremitusque
1241 832 1509 881 oriebatur:

10 869 183 925 aliique
202 873 340 916 aliam
372 875 421 919 in
451 880 876 937 partemperterriti
899 882 1176 928 ferebantur.
1208 887 1388 943 Quibus
1407 904 1511 933 om-

15 927 148 972 nibus
170 929 300 973 rebus
317 936 518 989 permoti
553 939 723 990 equites
748 939 951 993 Treviri,
980 953 1176 994 quorum
1199 941 1320 987 inter
1348 947 1511 992 Gallos

15 983 202 1029 virtutis
233 989 389 1046 opinio
422 989 488 1032 est
527 990 781 1051 lingularis.¹
812 996 906 1050 qui,
939 997 1106 1040 auxilii
1147 997 1296 1044 caussa
1333 999 1359 1044 a
1395 1004 1510 1048 civi-

9 1049 108 1084 tate
140 1042 265 1094 miffi,
298 1045 351 1088 ad
378 1046 602 1090 Caesarem
627 1065 842 1095 venerant
866 1070 877 1106 3
909 1067 1054 1107 quum
1089 1055 1395 1101 multitudine
1422 1061 1510 1103 ho-

10 1095 159 1142 ,stium
209 1099 353 1147 castra
390 1103 547 1148 nostra
581 1108 816 1166 compleri,
865 1110 1059 1167 legiones
1099 1113 1262 1168 premi,
1311 1115 1360 1157 &
1398 1131 1508 1174 pene

10 1154 341 1201 circumventas
379 1163 538 1213 teneri,
567 1164 756 1215 calones,
784 1168 969 1221 equites,
1013 1166 1286 1224 funditores,
1331 1173 1510 1217 Numi-

10 1209 109 1265 das,
138 1212 334 1258 diversos
367 1215 696 1275 dissipatosque,
728 1221 773 1263 in
811 1237 964 1266 omnes
997 1237 1143 1282 partes
1176 1224 1332 1286 fugere
1369 1231 1509 1273 vidis-

14 1265 125 1322 sent,
154 1269 395 1329 desperatis
428 1274 593 1318 nostris
623 1278 768 1331 rebus,
798 1280 994 1323 domum
1014 1282 1359 1327 contenderunt.
1411 1291 1509 1331 Ro-

64 1339 170 1368 anos
204 1329 353 1385 pulsos
386 1329 716 1389 superatosque,
764 1335 937 1389 castris,
977 1338 1407 1396 impedimentisque
1438 1358 1510 1387 eo.

10 1393 120 1424 rum
156 1383 303 1427 hostes
327 1387 514 1441 potitos,
546 1391 726 1434 civitati
762 1396 1156 1438 renunciaverunt.
1217 1400 1368 1443 XXV·
1398 1401 1507 1443 Cae·

12 1436 90 1490 far,
124 1440 181 1482 ab
216 1441 400 1486 decimae
437 1443 626 1502 legionis
663 1448 977 1495 cohortatione
1011 1452 1068 1494 ad
1102 1452 1318 1496 dextrum
1361 1469 1505 1502 cornu

11 1533 15 1540 ,,
47 1493 254 1552 τοῗεέὶιιε,
288 1500 369 1543 ubi
404 1498 505 1544 suos
542 1507 710 1560 urgeri,
730 1505 948 1563 signisque
978 1508 1024 1551 in
1046 1522 1190 1553 unum
1219 1510 1371 1554 locum
1411 1514 1506 1557 col-

34 1552 134 1606 atis,
163 1554 444 1601 duodecim-,e
484 1559 673 1616 legionis
717 1564 889 1606 milites
922 1564 1146 1610 confertos
1185 1565 1266 1609 fibi
1307 1569 1410 1628 ipsis
1442 1569 1502 1614 ad

44 1621 214 1667 ugnam
239 1612 320 1655 ess'e
344 1614 693 1670 impedimento,
725 1632 900 1676 quartae
936 1622 1132 1665 cohortis
1153 1624 1369 1669 omnibus
1406 1641 1505 1669 cen-

13 1668 271 1712 ,titionibus
308 1672 474 1723 ocellis,
526 1671 828 1732 signiferoque
863 1678 1136 1733 intersedit-2,
1166 1680 1292 1739 figno
1325 1682 1507 1739 amiffo,

33 1723 292 1780 eliquatum
329 1729 592 1773 cohortium
632 1736 847 1779 omnibus
891 1736 984 1778 fere
1039 1738 1376 1782 centurionibus
1420 1754 1505 1786 aut

43 1779 278 1836 ulneratis,
307 1797 388 1828 aut
411 1785 577 1841 occifis,
608 1790 654 1831 in
677 1790 761 1844 his,
796 1791 1051 1852 Primopilo
1074 1798 1120 1837 P.
1143 1796 1295 1840 Sextio
1318 1799 1503 1854 Baculo,

29 1837 254 1882 ortiffimo
289 1841 405 1894 viro,
452 1844 613 1887 multis
650 1849 949 1904 gravibusque
979 1850 1247 1895 vulneribus
1284 1853 1505 1905 confe8m,

42 1920 44 1923 v
103 1895 195 1949 jam
233 1897 273 1939 se
311 1897 524 1944 sustinere
548 1917 637 1944 non
663 1903 817 1961 posset,
847 1906 1046 1961 reliquos
1080 1906 1162 1952 effe
1183 1908 1419 1966 tardiores,
1449 1913 1503 1957 &

42 1953 249 1995 onnullos
281 1953 307 1995 εὶ
347 1957 590 2001 novistimis
632 1960 828 2006 desertos
866 1962 1298 2022 proelio-excedere,
1326 1981 1375 2010 ac
1411 1970 1507 2013 tela,

37 2008 182 2053 itare.-
211 2008 362 2054 hostes
394 2027 534 2070 neque
568 2015 593 2057 εὶ
629 2015 779 2061 fronte
809 2033 864 2062 ex
898 2019 1112 2064 inferiore
1146 2023 1247 2067 loco
1265 2023 1504 2072 subeuntes

17 2062 328 2112 'otei-institere.
357 2069 407 2113 &
428 2072 485 2114 ab
504 2084 696 2127 utroque
733 2076 872 2119 latere
904 2075 1088 2132 instare,
1133 2080 1182 2123 δέ
1206 2095 1300 2124 rem
1339 2083 1423 2126 effe
1452 2084 1502 2127 in

40 2121 206 2181 ngusto
240 2125 374 2179 vidit,
406 2143 547 2182 neque
583 2132 728 2174 ullum
757 2132 839 2176 effe
865 2133 1134 2189 subsidium,
1162 2138 1283 2192 quod
1306 2139 1503 2183 submit-

15 2177 50 2242 ti
84 2178 256 2234 posset:
287 2181 413 2226 scuto
444 2186 501 2228 ab
536 2188 781 2232 novissimis
820 2193 901 2233 uni
940 2192 1086 2237 militi
1119 2193 1324 2240 deti-aem
1355 2197 1500 2252 (quod

63 2348 185 2391 ilites
241 2351 362 2408 ligna
403 2353 583 2403 inferre,
637 2357 687 2400 &
725 2361 984 2419 manipulos
1027 2363 1178 2407 laxare
1217 2365 1357 2419 justit,
1404 2382 1500 2422 quo

32 2403 186 2450 atilius
207 2407 370 2464 gladiis
406 2414 475 2455 uti
501 2412 685 2468 possent.
736 2419 889 2471 Hujus
923 2419 1119 2463 adventu
1152 2422 1221 2477 spe
1260 2423 1387 2466 illata
1414 2425 1502 2467 rni-

28 2460 188 2516 vitibus,
218 2478 266 2507 ac
301 2466 608 2526 redintegrato
640 2473 814 2529 animo,
863 2486 1010 2531 quum
1041 2491 1124 2535 pro
1161 2481 1200 2521 se
1237 2479 1419 2535 quisque
1452 2483 1500 2524 in

36 2517 246 2574 onspeem
270 2525 563 2580 Imperatoris
585 2529 722 2571 etiam
756 2532 802 2572 in
823 2532 1036 2575 extremis
1055 2534 1142 2578 suis
1164 2536 1293 2579 rebus
1314 2552 1500 2596 operam

73 2588 177 2620 vare
214 2591 409 2636 cuperet,
444 2584 646 2638 paullum
687 2586 892 2631 hostium
930 2591 1128 2649 impetus
1163 2593 1367 2636 tardatus
1417 2593 1499 2639 est.
1551 2644 1553 2646 ,

108 2634 193 2676 Vl.
223 2636 389 2679 Caesar.
439 2654 581 2694 quum
633 2644 874 2698 septimam
933 2646 1175 2703 legionem,
1217 2664 1316 2704 quae
1368 2651 1500 2704 juxta

71 2686 291 2740 nstiterat2
322 2694 432 2738 item
455 2700 604 2754 urgeri
640 2700 698 2742 ab
733 2701 860 2744 hoste
879 2702 1073 2748 vidisset,
1103 2706 1240 2748 Trib.
1264 2708 1363 2751 mil.
1399 2722 1500 2750 mo-

43 2797 50 2804 *
85 2743 133 2796 ἢ,
167 2759 218 2790 ut
250 2751 491 2806 paullatim
514 2756 593 2796 sese
618 2755 809 2813 legiones
828 2760 1167 2819 coniungerent,
1200 2763 1249 2806 &
1287 2763 1500 2809 conversa

116 2803 203 2850 ain
237 2805 386 2856 hostes
404 2810 638 2863 inferrent.
687 2817 795 2875 Quo
816 2815 952 2874 faeie,
981 2833 1129 2876 quum
1160 2820 1264 2868 aliis
1293 2821 1373 2866 alii
1396 2821 1498 2885 sub·
