1607 3036
132 4 651 92 *DE-RELLO
696 35 1161 99 AFRICAN.
1347 60 1463 121 271

81 128 99 161 s
119 116 164 160 in
186 116 385 161 Siciliam
407 119 682 176 nuntiosque
706 121 905 178 mittere,
935 135 990 167 ut
1014 124 1097 169 fibi
1122 135 1260 172 crates
1281 134 1472 179 materi->

55 183 141 230 que
159 185 446 230 congererent
466 177 522 220 ad
541 178 717 231 arietes,
743 177 870 233 cujus
911 180 1066 236 inopia
1089 183 1135 224 in
1159 183 1317 231 Africa
1332 188 1439 233 effet
1461 206 1472 233 ε

31 229 186 273 oeterea
209 230 382 273 ferrum
407 231 741 289 plumbumque
757 236 1023 279 mitteretur
1043 251 1061 281 .-
1086 236 1135 280 &
1155 241 1365 286 animum
1385 248 1472 289 eti·-

82 284 363 339 advertebat‚
392 290 625 332 frumento
661 292 701 332 se
721 291 769 334 in
790 291 946 335 Africa
964 291 1046 336 nisi
1065 294 1377 350 importatitio
1398 302 1471 347 uti

41 345 67 383 ri
89 339 219 397 poss'e.
282 344 439 387 Priore
453 345 573 389 enim
596 359 731 400 anno,
761 358 946 405 propter
960 349 1327 396 'adversariorum
1350 358 1474 402 dele-

57 411 89 449 s,
119 400 241 451 quod
263 397 547 457 stipendiarii
567 410 765 446 aratores
786 404 958 449 milites
977 403 1110 449 efl‘ent
1129 404 1254 462 faeti,
1285 412 1472 458 meffem

43 466 70 496 n
103 452 186 497 effe
223 453 425 499 fadiam:
457 468 668 512 praeterea
684 473 738 501 ex
757 462 886 504 omni
905 460 1065 507 Africa
1084 461 1372 510 frumentum
1393 472 1474 514 ad-

34 509 191 555 rfarios
215 513 261 555 in
285 524 425 566 pauca
446 513 615 572 oppida
634 514 682 557 &
705 515 812 558 bene
832 518 1014 562 munita
1034 522 1346 576 comportaffe,
1369 539 1472 569 om-

35 576 172 623 mque
211 571 442 625 regionem
482 569 652 613 Africae
687 572 930 617 exinanisse
961 574 1237 621 frumento.-
1284 581 1471 638 oppida,

32 633 137 664 aeter
156 635 311 680 pauca,
340 638 439 678 quae
459 624 539 680 ipfi
559 625 645 668 suis
664 627 879 685 praefidiis
902 633 1020 674 tueri
1042 643 1265 689 poterant,
1294 637 1473 695 reliqua

31 679 101 720 rui
123 690 263 734 atque
281 679 438 734 deleri,
468 683 518 724 &
541 696 701 725 eorum
722 684 889 729 incolas
911 687 1031 730 intra
1048 690 1124 733 sua
1146 690 1354 744 praefidia
1374 699 1474 737 coe'-

30 731 89 777 ffe
110 736 429 795 commigrare,
458 751 588 795 agros
607 738 802 783 desertos
821 757 870 785 ac
889 741 1087 787 vastatos
1106 746 1204 790 effe.
1237 752 1339 795 XX.
1370 752 1483 797 Hac.

29 789 223 842 :gnitate
246 792 398 835 caesar
422 793 597 837 coaeius
624 796 824 851 privatos
841 799 1103 852 ambiendo,
1135 803 1184 847 &
1207 803 1370 850 blande
1391 822 1471 862 ap-

64 845 197 899 ando,
228 847 575 904 aliquantulum
596 851 815 896 frumenti
833 869 1079 899 numerum
1100 859 1144 900 in
1167 860 1242 904 sua
1265 862 1472 917 praefidia

117 902 247 945 fferat
267 919 280 954 3
312 906 361 947 ὅ(
380 920 431 947 eo
450 920 576 961 parce
595 910 826 953 utebatur.
872 914 1025 969 Opera
1046 915 1229 959 interim
1251 919 1340 973 ipse
1360 935 1478 974 quoa-

49 958 88 1001 ie
104 959 357 1013 circumire,
380 962 426 1004 <Sc
448 964 640 1006 alternas
659 965 863 1008 cohortes
882 968 928 1009 in
947 966 1139 1013 statione
1156 972 1318 1018 habere
1338 991 1474 1037 prop·-

56 1013 258 1058 hostium
283 1020 648 1062 multitudinem.
682 1021 907 1065 Labienus
927 1026 1097 1069 saucios
1119 1029 1235 1082 suos,
1266 1042 1469 1087 quorum

37 1084 192 1114 merus
233 1074 462 1119 maximus
498 1075 606 1128 fuit,
636 1077 764 1129 jubet
794 1080 841 1121 in
863 1079 1044 1137 plostris
1076 1082 1297 1142 deligatos
1316 1089 1474 1133 Adru-

49 1128 433 1187 tumdeportari.
493 1133 642 1176 Navcs
678 1133 863 1177 interim
897 1137 1087 1182 Caesaris
1104 1143 1318 1185 onerariae
1352 1158 1474 1191 erra-

38 1181 136 1226 ndae
158 1188 275 1228 male
297 1189 595 1244 vagabantur,
626 1189 803 1233 incertae
824 1191 1033 1236 locorum
1054 1207 1190 1250 atque
1211 1198 1469 1246 castrorum

53 1252 190 1283 rum:
225 1253 338 1299 quas
374 1242 574 1301 singulas
604 1245 773 1305 scaphae
813 1247 1177 1295 adversariorum
1216 1257 1473 1314 complures

91 1307 146 1338 tae
163 1297 468 1350 incenderant,
498 1313 637 1355 atque
654 1316 1035 1360 expugnaverant.
1095 1310 1197 1352 Hac
1217 1325 1261 1354 re
1281 1316 1470 1358 nuncia-

40 1352 229 1405 Caesari,
261 1353 413 1400 classes
431 1358 602 1400 circum
619 1358 799 1405 insulas,
832 1364 1076 1419 portusque
1094 1365 1341 1425 disposuit3
1374 1383 1469 1428 quo

30 1407 117 1452 tius
136 1422 415 1455 commeatus
439 1414 696 1471 supportari
712 1414 869 1471 posset.
929 1422 1056 1463 XXI.
1091 1423 1159 1465 M.
1192 1423 1318 1467 Cato
1352 1427 1474 1471 inte»

64 1495 77 1517 ,
106 1466 186 1520 qui
206 1464 354 1512 Uticae
373 1482 575 1524 praeerat,
606 1471 699 1514 Cn.
718 1475 990 1530 Pompeium
1009 1474 1165 1520 filium
1189 1480 1349 1533 multis
1369 1497 1468 1527 ver-

43 1549 57 1574 ,
97 1521 352 1580 affidueque
384 1526 626 1583 objurgare
658 1541 750 1571 non
785 1529 1040 1576 defistebat.
1100 1535 1248 1589 Tuus,
1295 1538 1476 1595 inquit,

32 1587 112 1629 ter,
140 1577 257 1622 istuc
276 1581 422 1625 aetatis
457 1596 603 1637 quum
639 1582 760 1637 effer,
791 1586 841 1629 ὃς
877 1589 1267 1635 animadvertisset
1300 1597 1468 1654 Remp.

66 1634 311 1678 audacibus
363 1637 667 1695 sceleratisque
699 1642 872 1686 civibus
907 1645 1175 1702 oppreffam,
1236 1648 1468 1708 bonosque

35 1698 55 1731 t
86 1690 365 1745 interfedios2
417 1706 499 1737 aut
537 1695 695 1740 exiilio
751 1699 990 1749 multatos,
1055 1706 1204 1760 patria
1258 1709 1471 1752 civitate*-

91 1760 232 1790 car-ere
255 1765 268 1804 3
300 1748 462 1806 gioria,
492 1750 541 1794 ὃς
574 1752 717 1794 animi
742 1757 1055 1813 magnitudine
1072 1758 1231 1813 elatus,
1250 1763 1472 1820 privatus,

53 1804 106 1844 ue
138 1803 512 1858 adolescentulus,
543 1810 718 1864 paterni
755 1813 977 1856 exercitus
1016 1814 1221 1872 reliquiis
1258 1819 1467 1876 collectis,

45 1871 97 1901 ne
133 1859 390 1918 oppreffam
429 1860 639 1907 funditus
678 1864 726 1907 &
758 1865 955 1912 deletam
980 1870 1191 1926 Italiam,
1212 1875 1465 1933 urbemque

53 1928 234 1959 man-am
256 1918 301 1959 i'n
323 1918 580 1963 libertatem
605 1920 856 1966 vindicavit
880 1940 889 1967 ε
923 1924 1132 1981 idemque
1151 1930 1368 1985 Siciliam,
1399 1936 1467 1977 A-

35 1982 150 2023 cam,
183 1974 480 2029 Numidiam,
512 1977 843 2022 Mauritaniam
868 1982 1070 2026 mirabili
1087 1985 1313 2031 celeritate
1327 1993 1468 2035 armis

44 2029 150 2082 epit.
212 2029 390 2085 Quibus
411 2045 464 2074 ex
488 2033 618 2075 rebus
638 2030 719 2076 fibi
739 2049 836 2078 eam
861 2037 1148 2095 dignitatem,
1179 2053 1280 2097 quae
1303 2046 1367 2088 est
1391 2061 1469 2104 per

59 2094 122 2126 tes
157 2082 392 2130 clariflima
410 2089 724 2146 notiffimaque
758 2094 1056 2151 conciliavit;
1086 2097 1477 2145 adolescentulus*
1537 2145 1539 2147 a

37 2151 75 2194 e,
104 2149 241 2196 atque
259 2154 393 2199 eques
415 2147 652 2189 Romanus
672 2145 998 2204 triumphavit.
1057 2155 1216 2212 Atque
1252 2156 1345 2209 ine,
1372 2173 1467 2202 non

73 2197 238 2252 amplis
271 2199 402 2243 rebus
436 2203 577 2259 patris
599 2200 752 2260 gestis,
780 2217 924 2262 neque
954 2218 1049 2251 tam
1069 2212 1302 2256 excellenti
1319 2214 1470 2270 maia-

96 2252 319 2311 dignitate
349 2258 547 2315 [partafl
580 2272 722 2314 neque
755 2265 895 2306 tantis
915 2263 1148 2318 clientelis,
1178 2268 1467 2327 nominisque

45 2307 177 2352 ritate
245 2310 448 2367 raeditus,
477 2312 523 2355 in
549 2317 711 2374 Remp.
730 2316 796 2358 est
813 2317 1043 2377 ingressus.
1105 2324 1187 2366 Tu
1223 2335 1379 2370 contra
1415 2328 1468 2371 δε

76 2365 112 2408 is
148 2381 204 2408 no
244 2366 405 2420 intare,
436 2369 484 2413 &
517 2369 758 2428 dignitate,
789 2372 838 2416 δε
869 2390 949 2435 per
986 2387 1031 2420 te
1064 2378 1155 2437 ipse
1186 2380 1289 2425 satis
1323 2382 1475 2430 animi

52 2421 307 2479 gnitudine-²
347 2425 679 2485 diligentiaque
711 2429 942 2485 praeditus,
989 2446 1136 2478 nonne
1173 2438 1372 2491 eniteris,
1415 2440 1468 2485 &

47 2476 260 2523 §ficisceris
300 2480 355 2523 ad
391 2483 873 2541 paternas-clientelas,
902 2488 1132 2535 auxilium
1154 2492 1258 2547 tibi,
1288 2496 1471 2551 Reique

38 2533 182 2587 blicae,
211 2547 346 2589 atque
365 2540 544 2595 optimo
561 2540 718 2594 cuique
736 2543 1041 2602 efflagitatum
1062 2546 1079 2593 ζ
1112 2549 1198 2592 His
1218 2550 1364 2595 verbis
1383 2552 1474 2597 hoa

45 2591 108 2634 nis
127 2592 368 2648 graviffimi
392 2596 606 2639 incitatus
627 2595 1003 2655 adolescentulus,
1022 2616 1127 2647 cum
1149 2606 1369 2651 naviculis
1387 2622 1469 2653 cu-

79 2649 263 2692 uemodi
299 2653 468 2706 generis
505 2668 614 2704 xxx,
645 2653 762 2698 inibi
795 2658 945 2712 paucis
983 2657 1209 2714 rostratis,
1240 2661 1484 2717 profecstus-

38 2711 49 2719 '⁴
116 2704 204 2748 tica
232 2703 311 2749 est·
331 2707 379 2749 in
416 2709 762 2765 Mauritaniam,
794 2727 1074 2771 regnumque
1096 2719 1294 2774 Bogudis
1311 2719 1375 2762 e'st
1396 2722 1471 2764 ina

121 2774 181 2807 st:
198 2760 499 2822 expediteque
537 2766 757 2826 exercitu,
800 2783 995 2819 num-ero
1025 2773 1274 2833 servorum,
1302 2774 1469 2826 libero-

1352 2846 1469 2878 ruma
