1648 3036
352 38 402 98 L
447 40 475 100 I
515 40 563 99 B
606 31 659 98 E'
698 41 755 99 R
839 37 978 100 ἱῘῙῘ.Δ
1301 63 1414 115 1ος

46 122 126 171 stri
143 121 307 184 proelio
330 122 571 178 interjectis
602 122 865 180 sagittariis,
896 122 1006 178 quid
1029 122 1074 166 in
1111 131 1291 176 quoque
1310 120 1421 164 effer

20 182 80 226 mi
113 197 161 226 ac
197 181 382 223 virtutis
418 182 625 228 suorum,
656 181 1004 239 periclitaretur.
1064 181 1175 222 Erat
1196 174 1218 218 ὲ
1239 177 1418 234 regione

0 246 8 290 l
30 237 230 282 idi‘collis
249 235 328 279 sub
350 236 445 294 ipfis
467 236 693 279 radicibus
714 238 882 279 montis
903 237 1072 294 egregie
1097 234 1319 286 munitus,
1347 245 1418 276 at-

43 306 94 336 ex
113 295 235 336 omni
255 304 379 351 parte
398 293 678 335 circumcisus
700 306 709 333 :
741 307 871 347 quem
898 293 925 335 fi
951 303 1149 335 tenerent
1172 288 1331 340 nostri,
1365 289 1417 331 ὃς

29 360 62 394 ae
86 363 244 406 magna
264 362 402 405 parte,
428 349 474 391 δε
495 348 784 402 pabulatione
809 350 951 392 libera
971 346 1252 406 prohibituri
1270 342 1418 387 hostes

43 405 217 449 bantur.
267 406 345 449 Sed
368 406 401 446 is
424 404 545 447 locus
563 404 765 462 praefidio
786 407 841 447 ab
860 406 912 448 iis
929 419 1018 447 non
1039 404 1171 446 nimis
1192 400 1331 444 firmo
1351 412 1420 443 te-

27 473 151 505 atur:
187 472 339 504 tamen
374 459 549 503 filentio
577 460 721 503 noe‘t'is
742 462 913 514 Caesar,
944 475 998 504 ex
1021 458 1175 502 castris
1214 454 1421 513 egressus,

42 531 59 560 s
77 531 211 572 quam
234 516 486 559 sublidium
504 531 557 559 ex
580 517 751 572 oppido
771 519 920 560 venire
943 515 1094 571 poffet,
1113 514 1285 568 dejedio
1307 525 1420 567 prae-

25 587 67 625 o,
87 573 257 631 potitus
289 574 402 624 loco,
434 573 544 615 duas
565 573 627 616 ibi
650 576 842 631 legiones
874 574 1138 623 collocavit3
1169 569 1419 622 fossamque

37 629 162 672 licem
184 628 446 683 duodenum
472 629 635 685 pedum
670 631 692 672 a
717 630 965 681 maioribus
990 629 1142 671 castris
1163 627 1215 671 ad
1239 626 1420 668 minora

50 686 165 737 uxit,
195 685 246 726 iit
268 697 372 728 tuto
394 686 450 727 ab
475 687 707 744 repentino
729 687 930 728 hostium
956 686 1133 728 incursu
1167 684 1311 726 etiam
1333 678 1421 723 fin-

23 743 303 796 icommeare
322 740 508 799 pofl‘ent.
566 746 814 786 XXXVII·
847 746 972 786 Dum
995 740 1086 784 haec
1107 740 1160 783 ad
1189 735 1420 795 Gergovi-

26 802 265 862 ’geruntur3
285 796 670 842 Convietolitanis
693 798 882 851 AEduus,
901 797 971 839 cui
996 797 1320 855 magistratum
1340 792 1420 836 ad-

39 909 239 968 pecunia=
287 924 394 953 cum
430 912 700 964 quibusdam
742 908 1092 953 adolescentibus
1127 906 1423 960 colloquitur,

35 970 133 1008 rum
155 977 252 1009 erat
271 969 471 1025 princeps
493 967 738 1017 Litavicus,
755 977 893 1023 atque
915 966 1006 1020 ejus
1028 965 1207 1018 fratres,
1235 960 1423 1020 amplis-

27 1035 49 1065 a
65 1020 244 1066 familia
265 1023 362 1065 nati
383 1023 708 1067 Adolescentes.
726 1026 853 1067 Cum
874 1023 928 1066 iis
950 1025 1195 1081 praemium
1216 1031 1422 1061 commu-

42 1086 75 1129 t,
107 1079 407 1134 hortaturque
438 1093 524 1129 eos,
555 1092 607 1122 ut
633 1080 675 1123 se
707 1079 870 1122 liberos
892 1080 938 1122 &
962 1079 1155 1136 imperio
1176 1087 1304 1119 natos
1326 1086 1423 1116 me-

37 1134 151 1177 erint
167 1150 180 1177 .·
200 1150 336 1177 unam
361 1133 441 1179 efl'e
462 1135 717 1179 AEduorum
739 1136 989 1188 civitatem,
1017 1148 1118 1190 quae
1136 1132 1423 1176 certiffimam

22 1188 104 1233 lliae
123 1189 361 1233 vidioriam
394 1190 641 1234 distineat:
673 1194 768 1244 ejus
803 1191 1074 1235 auc‘ioritate
1103 1190 1296 1244 reliquas
1318 1200 1423 1228 con-

35 1246 73 1289 τὶ
94 1261 106 1297 3
133 1247 510 1301 quatransduc‘ia,
527 1248 682 1290 locum
704 1247 971 1290 consistendi
998 1247 1217 1291 Romanis
1238 1247 1281 1287 in
1304 1242 1422 1285 Gal-

47 1315 103 1344 on
123 1302 246 1346 fore:
281 1301 361 1345 esse
400 1305 620 1347 nonnullo
652 1304 693 1348 se
724 1304 915 1347 Caesaris
949 1302 1164 1346 beneficio
1184 1299 1422 1351 affectum,

41 1372 180 1407 amen,
209 1370 263 1402 ut
300 1358 590 1414 justiffimam
623 1359 744 1417 apud
783 1374 889 1403 eum
925 1357 1118 1402 caufl'am
1139 1355 1421 1404 obtinuerit;

31 1414 128 1470 'plus
148 1418 382 1459 communi
409 1417 607 1458 libertati
629 1417 840 1458 tribuere.
902 1417 1004 1459 Cur
1023 1417 1145 1458 enim
1170 1413 1319 1471 potius
1341 1409 1422 1454 IE-

39 1469 93 1528 de
125 1470 205 1514 suo
243 1473 352 1525 jure,
384 1474 431 1516 &
464 1472 518 1515 de
556 1472 728 1531 legibus
760 1471 819 1514 ad
852 1471 1080 1515 Caesarem
1113 1467 1425 1528 disceptaturi,

22 1571 24 1574 .
100 1528 301 1572 Romani
318 1528 372 1571 ad
397 1528 569 1573 AEduos
588 1529 772 1572 veniant
794 1529 809 1573 ζ
838 1527 1040 1571 celeriter
1054 1524 1424 1573 adolescentibus,

35 1581 182 1627 atione
216 1584 525 1641 magistratus,
559 1584 607 1628 ἃ
632 1586 820 1644 praemio
854 1583 1070 1632 deduetis,
1100 1597 1244 1638 quum
1275 1581 1315 1623 se
1350 1578 1424 1622 vel

44 1641 157 1696 cipes
188 1642 281 1694 eius
315 1641 490 1684 consilii
522 1640 618 1685 fore
642 1640 979 1701 profiterentur,
1011 1642 1129 1682 ratio
1164 1635 1426 1695 perficiendi

45 1696 254 1749 rebatur-3
284 1698 407 1754 quod
430 1699 665 1741 civitatem
696 1709 862 1741 temere
899 1698 952 1740 ad
981 1695 1310 1752 suscipiendum
1333 1691 1428 1734 bel-

29 1750 364 1813 iadducipoffe
398 1768 486 1797 non
519 1754 827 1797 confidebant.
892 1753 1086 1807 Placuit,
1116 1763 1169 1795 ut
1192 1752 1427 1795 Litavicus

47 1809 200 1853 inillis
226 1809 442 1859 millibus,
472 1822 572 1867 quae
610 1811 783 1854 Caesari
818 1809 873 1853 ad
906 1809 1077 1853 bellurn
1117 1809 1429 1858 mitterentur,

35 1862 257 1919 ficeretur,
286 1878 419 1922 atque
455 1882 504 1909 ea
523 1867 726 1910 ducenda
747 1877 938 1918 curaret,
968 1865 1211 1918 fratresque
1232 1864 1326 1917 eius
1361 1861 1421 1904 ad

49 1935 166 1965 arem
189 1934 541 1977 praecurrerent:
572 1922 762 1979 reliqua,
792 1935 884 1979 qua
919 1922 1094 1964 ratione
1128 1921 1202 1978 agi
1242 1919 1431 1976 placeat,

72 1977 241 2024 ituunt.
271 1982 547 2022 XXXVIII.
580 1980 830 2031 Litavicus,
847 1989 1027 2037 accepto
1045 1980 1260 2029 exercitu,
1281 1989 1425 2030 quum

26 2031 90 2077 'lia
103 2034 315 2099 paffuum
338 2036 515 2078 circiter
535 2049 629 2077 xxx
650 2035 707 2078 ab
730 2035 967 2093 Gergovia
995 2031 1174 2086 abesset,
1203 2045 1428 2076 convoca-

29 2088 168 2134 ”ubito
190 2091 431 2142 militibus,
463 2092 704 2135 lacrimans
726 2107 736 2134 :
768 2095 876 2148 Quo
899 2089 1240 2148 proficiscimur,
1261 2087 1427 2142 inquit,

35 2145 145 2210 ites?
175 2148 323 2204 omnis
358 2146 509 2191 noster
529 2149 774 2202 equitatus5
807 2146 1023 2192 nobilitas
1044 2146 1191 2189 omnis
1213 2143 1390 2188 interiit
1411 2155 1426 2183 .·

49 2215 160 2260 cipes
192 2204 390 2247 civitatis
432 2205 732 2260 Eporedorix,
763 2203 813 2246 δι’
847 2203 1155 2248 Virdumarus
1190 2199 1427 2244 infimula-

30 2257 287 2313 ‘reditionis
321 2260 379 2302 ab
411 2261 650 2312 Romanis,
675 2260 846 2304 indicta
865 2259 1027 2304 caussa.
1056 2257 1278 2302 interfedli
1306 2255 1430 2298 sunt.

37 2328 59 2358 c
78 2314 135 2359 ab
164 2315 216 2359 iis
245 2316 508 2373 cognoscite,
537 2317 691 2371 quiex
731 2317 824 2374 ipsa
858 2317 975 2360 caede
1007 2315 1238 2370 fugerunt.
1295 2313 1428 2355 Nam

32 2401 45 2423 ‚
71 2368 289 2415 fratribus
320 2382 459 2427 atque
488 2371 703 2416 omnibus
734 2372 999 2431 propinquis
1028 2371 1138 2414 meis
1167 2366 1431 2418 interfeciis,

58 2440 103 2470 re
129 2427 390 2485 prohibeor.
437 2442 536 2483 quae
566 2427 690 2486 gesta
720 2429 839 2483 sunt,
879 2428 1190 2488 pronunciare.
1252 2423 1428 2478 Prodw

34 2493 109 2527 tur
136 2484 330 2541 ii‚·q110s
355 2484 427 2528 ille
462 2484 717 2534 edocuerat,
747 2499 847 2539 quae
883 2485 971 2529 dici
1007 2484 1154 2535 vellet,
1183 2491 1318 2536 atque
1354 2493 1427 2523 ea-

29 2553 70 2594 n,
116 2541 221 2597 quae‘
248 2541 481 2584 Litavicus
513 2542 903 2597 pronunciaverat,
951 2538 1247 2583 multitudini
1286 2548 1428 2590 expo-

44 2605 99 2638 t:
144 2595 317 2640 multos
354 2598 527 2653 equites
566 2596 826 2641 AEduorum
863 2595 1137 2647 interfectos,
1178 2593 1303 2650 quod
1339 2591 1431 2633 col.

45 2650 93 2694 ‘ti
121 2664 227 2694 cum
260 2653 478 2696 Arvernis
507 2651 796 2696 dicerentur:
847 2653 964 2712 ipsos
994 2653 1033 2696 se
1061 2652 1179 2694 inter
1210 2649 1429 2692 multitu-

33 2720 103 2750 ειη
133 2706 337 2751 militum
357 2706 614 2759 occultasse,
643 2720 780 2763 atque
799 2724 851 2752 ex
873 2708 1020 2752 media
1036 2707 1152 2751 caede
1166 2702 1428 2771 profugiffe.

60 2761 259 2810 clamant
276 2763 435 2823 ffidui,
465 2764 514 2810 ὃς
532 2765 799 2811 Litavicum
812 2765 1056 2820 obsecrant,
1085 2775 1137 2808 ut
1167 2766 1250 2808 nbi
1271 2761 1432 2861 confu—

37 2841 41 2846 ‘
1366 2829 1428 2862 at.

24 863 187 897 icatum
207 852 232 895 a
253 855 428 898 Caesare
444 853 1152 906 demonstravimus,sollicitatus
1172 852 1227 894 ab
1251 851 1421 892 Arvcr·
1454 854 1459 861 ²
