1648 3036
78 64 169 125 ,15
239 110 243 111 f
307 35 1343 113 'DEBELLOGALLICO
1434 101 1523 110 m

83 144 218 210 ques
216 146 455 195 itineribus
474 137 744 188 contendit·,
774 141 1085 188 occupatoque
1117 125 1305 184 oppidu,
1338 114 1406 167 ibi
1442 101 1594 177 praefiss

87 213 227 255 dium
261 205 466 250 collocat.
516 199 665 241 XXX.
705 197 834 237 Dum
870 201 1032 245 paucos
1050 184 1145 227 dies
1176 183 1233 225 ad
1256 179 1600 228 Vesontionem,

86 269 159 314 1ei
196 257 511 310 frumentariae
548 247 918 301 commeatusque
951 239 1099 287 causs'a
1125 248 1358 291 moratur,
1407 249 1462 279 ex
1499 247 1599 290 per-

86 322 384 368 tundiatione
418 311 704 359 nostrorum,
736 303 1011 356 vocibusque
1048 298 1316 345 Gallorum,
1345 306 1394 336 ac
1432 304 1601 334 merca-

88 393 272 431 torum,
302 378 384 431 qui
406 368 578 428 ingenti
599 359 919 423 magnitudine
958 368 1204 411 corporum
1238 354 1511 398 GermanOS,
1531 348 1603 388 in-

88 434 309 482 credibili
333 434 521 477 virtute,
559 435 695 475 atque
715 415 1038 463 exercitatione
1059 414 1102 454 in
1122 409 1258 453 armis
1279 405 1360 450 ess'e
1386 403 1603 460 pradica-

88 495 225 549 bant,
261 494 572 546 saep-:numero
592 479 674 522 sese
696 491 802 519 cum
839 473 892 516 iis
912 466 1162 528 congressos
1182 479 1235 507 ne
1272 462 1463 506 vultum
1498 458 1610 514 qui-

93 554 222 602 dem,
260 561 395 602 atque
417 542 560 587 aciem
581 535 827 580 oculorum
866 527 979 572 ferre
1017 520 1206 581 potuisse
1230 536 1240 564 :
1273 529 1428 564 tantus
1449 516 1607 559 subito

91 611 242 653 timor
275 616 462 649 omnem
500 593 755 639 exercitum
788 583 1046 641 occupavit,
1088 593 1142 624 ut
1187 592 1278 621 non
1314 575 1609 619 mediocriter

94 667 314 711 omnium
336 669 507 703 mentes
525 650 788 702 animosque
822 640 1122 700 perturbaret.
1168 636 1258 678 Hic
1288 634 1493 690 primum
1531 643 1610 671 or-

95 736 174 767 tus
195 719 258 765 est
283 721 308 762 a
330 713 528 760 tribunis
563 706 790 751 militum,
810 715 857 744 ac
881 695 1117 755 praestetis,
1138 689 1432 746 reliquisque,
1452 685 1530 740 qui
1553 698 1609 728 ex

97 782 232 832 urbe,
261 772 475 820 amicitiae
500 763 663 815 caussa,
700 758 928 804 Caesarem
947 754 1086 798 secuti
1108 761 1331 808 maguum
1354 742 1610 802 periculum

101 835 453 880 miserabantur,
483 821 607 880 quod
641 833 731 862 non
752 827 972 872 magnum
998 811 1045 851 in
1080 822 1125 851 re
1146 803 1345 850 militari
1365 802 1501 846 usum
1528 798 1616 843 lia-⁷

98 895 306 937 bebant:
350 898 553 944 quorum
588 878 722 924 alius,
759 872 848 916 alia
885 865 1031 912 cauffa
1062 865 1209 917 illata,
1239 874 1381 917 quam
1424 856 1507 899 fibi
1553 854 1613 898 ad

107 945 485 1008 proficiscendum
503 932 786 982 necessariam
808 925 891 972 effe
910 927 1110 974 duceret,
1132 919 1393 976 petebat,ut
1415 914 1509 965 eius
1529 925 1614 955 vo-

99 1009 286 1053 luntate
324 997 544 1045 discedere
578 994 768 1040 liceret;
813 981 1038 1033 nonnulli,
1084 978 1255 1035 pudore
1302 969 1512 1023 adducsti,
1560 976 1616 1010 ut

99 1064 287 1109 timoris
320 1055 620 1113 suspicionem
658 1048 875 1093 vitarent,
903 1040 1213 1083 remanebant.
1246 1030 1314 1076 Hi
1332 1041 1475 1083 neque
1508 1024 1620 1068 vul-

103 1133 214 1166 tum
251 1119 436 1176 fingere,
469 1121 612 1165 neque
658 1100 895 1147 interdum
927 1095 1137 1139 lacrimas
1178 1101 1326 1134 tenere
1381 1091 1621 1141 poterant:

105 1178 263 1224 abditi
295 1176 342 1218 in
377 1162 680 1214 tabernaculis
716 1168 796 1202 aut
819 1157 955 1200 suum
990 1149 1147 1196 fatum
1179 1145 1504 1203 querebantur,
1536 1148 1624 1181 aut·

107 1251 219 1280 cum
253 1225 568 1278 familiaribus
601 1219 688 1263 suis
709 1223 954 1259 commune
985 1205 1240 1265 periculum
1272 1198 1622 1246 miserabantur.

107 1292 274 1350 Vulgo
308 1286 418 1331 totis
439 1279 593 1326 castris
619 1274 894 1318 testamenta
913 1262 1286 1324 obsignabantur.
1327 1259 1516 1302 Horum
1539 1264 1622 1294 vo-

114 1351 262 1402 cibus,
301 1358 351 1388 ac
373 1343 539 1385 timore
565 1331 793 1392 paulatim
811 1325 953 1370 etiam
978 1324 1027 1376 ii,
1059 1319 1137 1376 qui
1159 1330 1381 1376 magnum
1399 1313 1444 1355 in
1466 1305 1628 1355 castris*

108 1409 249 1452 usum
278 1397 526 1448 habebant,
556 1390 745 1441 milites,
773 1378 1161 1434 centurionesque,
1190 1375 1361 1430 quique
1395 1363 1629 1424 equitatui

114 1470 349 1522 praeerant,
382 1449 785 1514 perturbabantur.
832 1438 933 1498 Qui
969 1438 1012 1482 se
1043 1449 1098 1480 ex
1132 1431 1205 1478 his
1238 1431 1393 1483 minus
1431 1421 1570 1469 timid

111 1514 376 1588 eristimari
413 1508 649 1573 volebant,
675 1514 767 1546 non
794 1498 838 1542 se
868 1494 1052 1543 hostem
1088 1487 1248 1554 vereri,
1297 1483 1369 1530 sed
1392 1479 1630 1542 angustias·

114 1687 363 1736 commode
401 1675 665 1739 supportari
703 1668 860 1730 posset,
909 1667 1072 1712 timere
1106 1660 1339 1705 dicebant.
1394 1649 1631 1702 Nonnulli*

117 1751 267 1794 etiam
308 1741 483 1788 Caesari
516 1731 863 1781 renunciabant,
893 1738 1001 1769 cum
1036 1717 1184 1765 castra
1213 1712 1408 1767 moveri,
1435 1709 1603 1768 ac‘fign‘

117 1806 234 1853 ferri
274 1797 468 1858 iuffisset,
496 1808 588 1838 non
605 1789 703 1835 fore
716 1784 842 1831 die'io
856 1781 1089 1829 audientes
1109 1774 1296 1828 milites,
1332 1781 1475 1826 neque
1495 1774 1624 1824 prop

118 1877 195 1909 ter
232 1861 455 1904 timorem
496 1849 620 1910 signa
655 1847 849 1891 laturos.
892 1839 1070 1883 XXXI.
1101 1835 1218 1878 Haec
1237 1843 1386 1886 quum
1422 1823 1624 1870 animad-

120 1916 324 1967 vertisset
355 1910 525 1962 Cacsar,
553 1912 808 1951 convocato
844 1893 1053 1945 concilio,
1086 1889 1389 1941 omniumque
1414 1881 1634 1926 ordinum·

119 1978 185 2023 ad
221 1973 271 2020 id
304 1969 557 2016 concilium
594 1957 815 2007 adhibitis
846 1946 1209 2001 centurionibus,
1238 1942 1525 1988 vehementer
1545 1940 1635 1986 ‘eor

120 2031 354 2081 incusavit
381 2042 392 2070 :
422 2024 646 2083 primum,
675 2013 802 2072 quod
836 2020 919 2056 aut
952 2019 1089 2062 quam
1123 2003 1170 2046 in
1208 2011 1400 2059 partem,
1431 2004 1513 2040 aut
1542 2005 1629 2049 quo

125 2089 319 2137 confilio
354 2083 646 2127 ducerentur,
676 2073 760 2118 fibi
774 2064 1071 2125 quaerendum
1089 2071 1170 2104 aut
1190 2054 1487 2119 cogitandum
1501 2061 1633 2108 puta÷

126 2158 249 2196 rent.
280 2137 595 2188 Ariovistum,
622 2133 664 2175 se
700 2125 900 2174 consule,
930 2117 1210 2176 cupidiffime
1250 2111 1410 2172 populi
1431 2114 1491 2154 R.
1522 2105 1628 2150 ami·

128 2206 293 2251 citiam
310 2191 520 2256 appetiffe
539 2207 550 2235 t
583 2204 662 2234 cur
683 2187 805 2230 hunc
825 2194 923 2227 tam
954 2188 1123 2222 temere
1143 2173 1383 2229 quisquam
1403 2167 1460 2210 ab
1486 2160 1628 2208 officit

129 2257 430 2309 discessurum
449 2248 677 2304 judicaret
695 2250 712 2287 ἒ
746 2240 830 2286 fibi
849 2234 1035 2295 quidem
1052 2227 1326 2289 persuaderi,
1345 2221 1538 2282 cognitis
1555 2218 1630 2264 sui:

133 2314 403 2377 postulatiS,
443 2319 579 2362 atque
615 2300 830 2358 aequitate
864 2291 1188 2340 conditionum
1247 2281 1488 2343 perspedia,
1535 2289 1631 2320 eum

129 2388 278 2432 neque
312 2372 459 2420 suam,
498 2376 640 2417 neque
688 2353 848 2416 populi
899 2355 961 2395 R.
1014 2345 1213 2407 gratiam
1275 2337 1635 2397 repudiaturum

129 2431 282 2490 Quod
303 2427 335 2473 fi
368 2426 524 2470 furore
560 2429 698 2474 atque
719 2408 919 2459 amentia
938 2403 1162 2463 impulsus
1195 2399 1369 2444 bellum
1405 2386 1632 2440 intuliffen

133 2487 255 2548 quid
288 2482 477 2529 tandem
509 2468 810 2521 vererentur?
844 2476 925 2511 aut
946 2477 1026 2506 cur
1059 2459 1116 2503 de
1155 2457 1233 2500 sua
1251 2455 1443 2505 virtute,
1477 2456 1559 2492 aut
1591 2443 1632 2498 ds

133 2545 280 2604 ipsius
303 2535 546 2596 diligentia
563 2532 845 2588 desperarent
867 2523 881 2567 ζ
914 2519 1091 2567 fadium
1112 2514 1207 2567 ejus
1227 2508 1372 2556 hostis
1389 2501 1632 2568 perieulum

142 2614 333 2662 patrum
356 2592 620 2640 nostrorum
666 2581 908 2631 memoria,
938 2589 1084 2632 quum
1106 2568 1314 2614 Cimbris
1345 2565 1393 2609 δε
1415 2557 1632 2609 Teutoniz

139 2662 245 2704 tic,
274 2653 433 2700 Mario
454 2646 606 2706 pulfis,
635 2657 727 2686 non
762 2638 988 2683 minorem
1026 2625 1211 2675 laudem
1232 2623 1472 2672 exercitus,
1505 2612 1635 2674 quani

140 2717 234 2774 :ipse
266 2715 535 2768 imperator,
578 2701 767 2745 meritus
788 2692 1049 2738 videbatur.
1099 2682 1293 2729 Fadium
1333 2678 1476 2723 etiam
1509 2683 1635 2725 nupe*

144 2776 199 2817 in
236 2769 393 2819 Italia,
423 2758 576 2809 servili
594 2754 839 2803 tumultu3
875 2761 987 2802 quos
1007 2755 1161 2788 tamen
1179 2735 1346 2792 aliquis
1365 2734 1467 2778 usus
1493 2742 1543 2775 ac
1560 2725 1633 2787 diff

144 2828 336 2888 ciplina,
365 2835 508 2883 quam
545 2815 571 2864 ὲ
593 2814 723 2862 nobis
757 2802 1034 2865 accepissent,
1063 2797 1346 2845 sublevaret:
1376 2805 1431 2840 ex
1456 2799 1553 2888 qud),
1580 2785 1633 2883 ἰιέ·

1542 2855 1633 2887 ica.
