1648 3036
38 131 149 193 ,qui
163 136 346 195 propior
367 135 544 181 hostem
566 139 612 182 in
631 140 728 197 ipso
746 140 866 184 vallo
888 141 1128 185 collocatus
1148 142 1268 197 effer,
1288 159 1402 205 pon-

0 191 38 240 ib
57 194 355 237 incidentibus
375 193 475 238 telis
492 206 735 252 tegeretur.
799 198 948 240 Portis
966 197 1097 250 fores,
1129 199 1402 258 altioresque

25 264 84 304 es,
110 249 345 304 imposuit.
404 254 462 294 X.
495 252 649 307 Hujus
667 252 940 296 munitionis
960 253 1126 308 duplex
1147 268 1240 297 erat
1261 259 1401 302 conff-

54 322 70 353 :
95 316 287 361 namque
308 306 356 349 &
377 310 565 364 op'erum
587 309 968 366 magnitudinem,
1010 311 1059 353 δέ
1083 312 1294 355 timorem
1329 315 1401 358 su-

0 360 216 417 'sperabat
237 359 452 404 fiduciam
476 362 675 406 barbaris
696 365 944 408 allaturum
964 383 974 419 3
1009 367 1230 422 &quum
1254 370 1400 426 pabu-

17 417 504 475 m=frumentatumque
531 419 709 478 longius
732 415 834 463 esset
857 421 1400 482 proficiscendum,parvis

17 474 49 516 is
64 472 207 516 castra
230 475 485 518 munitione
505 475 593 533 ipsa
615 475 799 521 videbat
821 476 937 536 poffe
958 477 1153 524 defendi.
1188 483 1400 538 Interim,

19 543 69 572 ro
90 529 237 587 paucis
256 530 476 586 utrinque
498 534 873 590 procurrentibus
896 535 1014 576 inter
1034 535 1138 578 bina
1158 536 1302 581 castra
1321 553 1401 597 pa-

35 584 280 639 interficia,
302 586 656 631 contendebatur
681 604 690 629 :
721 600 859 645 quam
881 601 1033 633 tamen
1057 590 1270 646 paludem
1288 608 1402 637 non-

40 654 144 686 uam
166 653 246 684 aut
282 641 437 685 nostra
469 645 643 687 auxilia
683 645 930 688 Gallorum
968 649 1402 704 Germanorumque

31 696 173 750 ibant,
201 698 429 752 acriusque
448 698 592 742 hostes
612 701 970 755 insequebantur,
1004 714 1085 746 aut
1106 705 1290 748 viciffim
1311 706 1394 750 ho-

39 752 201 807 andem
221 754 465 813 transgreffi
499 755 675 798 nostros
697 757 878 814 longius
903 759 1250 804 submovebant.
1309 766 1402 806 Ac-

39 820 84 852 at
103 820 255 852 autem
277 810 553 864 quotidianis
574 812 959 868 pabulationibus,
979 815 1044 868 (id
1066 816 1185 869 quod
1205 818 1400 863 accidere

27 862 203 917 necesse,
232 880 376 919 quum
414 868 522 910 raris
545 868 827 925 disiectisque
862 885 915 912 ex
952 870 1153 915 aedificiis
1175 874 1397 931 pabulum

27 920 270 977 uix-eretur)
303 934 355 964 ut
387 922 618 981 impeditis
658 924 764 967 locis
784 925 961 981 disperii
991 928 1275 985 pabulatores
1313 933 1400 974 cir—

19 976 275 1021 venirentur
299 992 426 1033 :quae
447 993 513 1022 res
527 981 605 1023 etfi
628 980 852 1024 mediocre
869 982 1198 1027 detrimentum
1219 986 1400 1042 jumen·

22 1047 68 1077 m
87 1047 135 1078 ac
152 1035 382 1077 servorum
415 1035 580 1080 nostris
613 1035 843 1090 afferebat)
876 1051 1028 1082 tamen
1050 1039 1211 1084 stultas
1231 1043 1402 1099 cogita-

35 1102 51 1132 s
69 1090 284 1133 incitabat
315 1091 646 1135 barbarorum:
676 1105 809 1150 atque
830 1109 881 1137 eo
906 1099 1063 1153 magis,
1094 1098 1212 1151 quod
1239 1099 1402 1145 Comi-

34 1159 137 1188 vuem
160 1147 413 1204 profee‘tum
456 1148 512 1191 ad
555 1150 729 1194 auxilia
767 1154 1107 1195 Germanorum
1143 1155 1400 1199 accersenda

38 1215 126 1254 am,
155 1217 260 1246 cum
283 1205 511 1258 equitibus
533 1217 711 1249 venerat
732 1222 744 1257 ·‚
772 1209 851 1262 qui
886 1207 1062 1251 tametli
1085 1224 1274 1254 numero
1308 1227 1399 1255 non

23 1256 103 1301 lius
120 1272 246 1303 erant
263 1261 532 1317 quingentis5
551 1273 701 1305 tamen
722 1266 1060 1307 Germanorum
1079 1265 1276 1310 adventu
1298 1267 1403 1311 bar-

24 1314 312 1359 inflabantur.
359 1321 442 1360 XI.
476 1317 800 1372 Caesar7quum
824 1319 1203 1365 animadverteret
1221 1323 1399 1368 hostem

42 1370 158 1414 {ures
175 1373 269 1419 dies
292 1370 448 1417 castris
470 1374 634 1431 paiude
654 1376 701 1418 &
734 1376 817 1418 loci
839 1389 1000 1420 natura
1018 1379 1209 1422 munitis
1228 1380 1265 1422 se
1286 1393 1403 1424 teneo

50 1441 156 1482 eque
187 1431 440 1487 oppugnari
466 1428 612 1473 castra
637 1446 795 1475 eorum
826 1431 912 1475 fine
931 1432 1228 1479 dimicatione
1247 1439 1398 1495 perni-

21 1482 140 1537 ,‘nec
160 1484 316 1529 locum
337 1485 673 1531 munitionibus
695 1488 862 1542 claudi,
892 1488 973 1533 nisi
994 1487 1017 1532 ὲ
1046 1491 1215 1546 majore
1235 1494 1405 1537 exerci-

46 1537 102 1585 ffe
124 1555 136 1593 ¹,
165 1541 337 1595 litteras
356 1542 411 1586 ad
439 1542 732 1587 Trebonium
756 1546 919 1597 mittit,
937 1557 989 1588 ut
1010 1557 1149 1603 quam
1169 1548 1402 1595 celerrime

31 1607 64 1649 ι,
93 1597 311 1656 legionem
334 1610 380 1642 xx
396 1615 409 1643 1
426 1615 459 1649 ι,
490 1613 588 1656 quae
611 1615 711 1644 cum
735 1604 798 1645 T.
818 1602 970 1645 Sextio
992 1603 1141 1661 legato
1160 1606 1205 1648 in
1230 1608 1405 1651 Bituri-

23 1652 295 1709 shieinibat,
315 1657 559 1708 accerseret,
582 1669 677 1714 atq3
698 1658 761 1701 ita
781 1672 883 1702 cum
911 1675 981 1702 iri
1007 1659 1256 1717 legionibus
1274 1677 1404 1724 mag-

34 1710 230 1755 ineribus
258 1713 313 1756 ad
336 1712 375 1755 se
411 1714 615 1756 veniret.-
647 1715 733 1773 ipse
768 1716 939 1770 equites
969 1714 1159 1763 invicem
1197 1719 1405 1764 Rhemo-

71 1781 119 1810 ac
154 1770 436 1827 Lingonum,
480 1770 850 1826 reliquarumque
887 1772 1148 1825 civitatum,
1195 1786 1399 1831 quorum

30 1837 128 1870 ,um
145 1838 383 1868 numerum
408 1838 686 1870 evocaverat,
704 1826 908 1886 praesidio
929 1829 1272 1886 pabulatoribus
1293 1833 1404 1876 mit-

47 1880 92 1922 ui
113 1879 279 1925 subita-s
302 1880 503 1925 hostium
528 1882 797 1927 incursiones
813 1884 1095 1928 sustinerent.
1127 1891 1238 1931 XII.
1261 1887 1399 1942 Quod

58 1938 277 1992 'quotidie
294 1936 441 1990 fieret,
459 1953 508 1981 ac
534 1940 622 1991 iam
647 1939 967 1984 consuetudine
986 1942 1224 2001 diligentia
1249 1947 1401 1988 minu-

36 2006 74 2045 τ,
116 1993 256 2048 (quod
295 1995 570 2052 plerumque>
603 1998 768 2039 accidit
801 1997 1132 2047 diuturnitate)
1178 2000 1401 2045 Bellovaci

52 2062 83 2097 a·
125 2065 262 2094 manu
301 2053 526 2109 peditum,
569 2053 760 2109 cognitis
800 2052 1075 2098 stationibus
1111 2058 1393 2112 quotidianis

69 2120 112 2154 m
148 2105 427 2158 nostrorum,
461 2107 741 2153 silvestribus
766 2108 874 2152 locis
911 2110 1098 2154 infidias
1119 2113 1362 2169 disponunt
1389 2130 1402 2168 ;

40 2176 63 2208 .·
98 2177 148 2206 ue
164 2165 332 2218 equites
371 2162 550 2219 postero
570 2165 644 2208 die
666 2167 880 2218 mittunt,
912 2168 990 2222 qui
1028 2169 1231 2225 primum
1270 2168 1400 2214 eiice-

54 2217 198 2262 ostros
218 2221 263 2262 in
285 2218 482 2269 infidias„
501 2221 662 2265 deinde
684 2222 1014 2267 circumventos
1034 2225 1357 2282 aggrederentu
1368 2242 1402 2271 r.

70 2329 106 2376 is
135 2331 394 2377 obvenerat.
456 2336 669 2389 Namque
708 2335 760 2389 ii,
804 2350 945 2390 quum
977 2350 1154 2395 repente
1192 2338 1399 2383 hostium

34 2387 521 2440 ess-animadvertissent,
552 2405 601 2433 ac
624 2405 814 2434 numero
832 2392 1074 2447 superiores
1115 2396 1397 2453 paucitatem

40 2441 275 2543 mgiiis'ent.
307 2445 518 2506 cupidius
555 2447 740 2490 insecuti
762 2446 786 2489 ὲ
811 2448 1043 2506 peditibus
1071 2450 1272 2506 undique
1292 2452 1398 2496 sunt

35 2512 78 2555 m
111 2501 193 2545 atii
249 2504 356 2558 Quo
395 2502 515 2546 fadlo
552 2503 804 2560 perturbati
826 2505 1026 2558 celerius,
1056 2522 1195 2562 quam
1223 2509 1401 2553 consu-e-

60 2553 145 2600 fert
179 2557 393 2611 equestris
414 2559 589 2617 proelii,
619 2561 660 2604 se
682 2573 957 2616 receperunt,
989 2561 1153 2606 amiffo
1174 2566 1401 2618 Vetusto,

39 2609 106 2672 ipe
139 2613 354 2668 civitatis,
385 2615 595 2671 praefed'to
628 2617 870 2671 equitum:
902 2619 981 2675 qui
1004 2633 1147 2672 quum
1170 2622 1248 2663 vix
1280 2635 1399 2676 equo

56 2716 58 2718 ,
110 2679 291 2715 aetatem
322 2673 464 2730 poffet
487 2673 570 2724 uti,
603 2682 752 2717 tamen
787 2674 1111 2718 consuetudine
1131 2677 1406 2732 Gallorum,

67 2727 237 2770 {atatis
277 2728 563 2773 excusatione
600 2729 645 2772 in
680 2730 959 2787 suscipienda
992 2731 1258 2786 praefedlura
1297 2733 1401 2778 usus

1247 2855 1397 2895 <Itan-

134 8 167 87 έ
232 28 236 31 ’
343 47 395 107 L
441 48 468 108 1
512 48 558 109 B
602 50 652 110 E
696 49 790 111 R·
836 48 997 112 vm.
1285 75 1410 130 ης).

42 2275 186 2319 s'mali
224 2277 313 2320 sors
348 2277 509 2320 incidit
543 2277 749 2330 Rhemis,
779 2278 945 2333 quibus
966 2279 1044 2324 illa
1062 2284 1156 2325 dies
1177 2282 1400 2337 fungendi
1440 2286 1443 2289 ’

45 2784 187 2841 *ειυς
202 2783 419 2834 dimicari
453 2782 542 2832 fine
577 2785 618 2831 se
640 2787 862 2834 voluerat.
918 2789 1149 2835 Inflantur
1171 2799 1308 2854 atque
1331 2790 1402 2834 in-
1469 2848 1473 2850 V
