1648 3036
435 35 1033 101 LIBERIV.
1371 31 1504 114 «ἴθ’

42 138 142 172 rum
162 124 437 169 consuetudo
457 125 550 170 liaec
569 124 624 169 fit
647 122 672 167 εἶ
698 124 950 180 majoribus
971 119 1159 174 tradita,
1187 120 1466 178 quicumque

37 184 149 228 llum
170 181 381 234 inferant,
412 181 626 233 refistere,
654 193 799 237 neque
820 181 1043 240 deprecari
1066 195 1075 223 ε
1118 176 1202 220 hoc
1223 179 1374 222 tar'nen
1392 179 1465 224 di-

28 254 88 294 re,
118 237 283 283 venisse
321 237 506 290 invitos,
536 236 696 293 ejecstos
718 241 859 280 domo
883 253 893 279 z
940 237 971 280 fi
996 239 1120 280 suam
1143 235 1338 288 gratiam
1356 239 1467 280 vRo-

29 296 103 340 ani
130 293 288 344 velint,
318 291 436 351 poffe
456 295 514 337 eis
537 294 667 336 utiles
687 292 769 336 esse
790 294 958 337 amicos
985 309 996 337 2
1045 292 1118 336 vel
1141 289 1223 333 fibi
1243 304 1372 348 agros
1396 301 1468 335 at-

22 351 200 401 ibuant,
230 349 299 391 vel
339 350 568 405 patiantur
588 364 659 393 eos
681 361 840 404 tenere,
869 364 979 404 quos
1000 349 1138 391 armis
1191 345 1468 391 offederint‘z

35 421 56 450 e
76 407 175 449 unis
197 405 348 449 Suevis
383 407 636 458 concedere,
668 405 833 459 quibus
854 420 908 448 ne
945 406 1026 449 Dii
1063 406 1139 460 qui
1176 417 1244 445 em
1268 404 1468 446 immor-

28 462 87 506 les
107 475 230 520 pares
250 459 330 505 effe
351 462 516 520 poffint
538 477 549 505 z
599 462 827 515 reliquum
852 461 1038 518 quidem
1063 462 1109 504 in
1132 459 1262 503 terris
1281 457 1364 502 effe
1387 473 1468 503 ne·-

29 518 166 566 inem,
195 532 330 572 quem
348 533 436 561 non
457 518 662 577 superare
683 517 858 577 poffint.
919 520 1061 561 VIII.
1091 516 1166 559 Ad
1187 514 1278 558 haec
1298 515 1468 567 Cesar,

41 590 74 618 ae
95 574 237 617 visum
256 573 338 622 est,
382 573 625 631 respondit.
703 574 782 616 Sed
808 573 953 617 exitus
974 572 1064 616 fuit
1086 572 1305 615 orationis
1327 586 1336 614 :
1383 568 1467 616 fibi

26 630 149 674 illam
170 644 273 672 curn
296 630 364 673 his
399 631 651 674 amicitiam
674 628 755 672 ess'e
792 630 926 687 posse,
973 627 1003 672 fi
1026 629 1068 670 in
1093 629 1247 674 Gallia
1266 641 1471 671 remane-

25 697 104 729 ntsz
138 700 277 740 neque
303 701 464 728 verum
483 684 582 740 efl'e,
610 686 692 743 qui
713 687 812 729 suos
835 685 943 728 fines
963 686 1082 727 tueri
1101 699 1190 728 non
1213 684 1468 742 potuerint,

25 742 409 797 ienosoccupare:
458 757 599 797 neque
633 742 747 785 ullos
768 742 812 784 in
837 741 991 786 Gallia
1010 755 1164 784 vacare
1193 754 1339 796 agros,
1385 740 1470 794 qui

38 799 75 841 ri
98 810 236 842 tantae
256 798 501 856 praesertim
525 797 820 841 multitudini
858 797 945 841 fine
965 798 1134 851 injuria
1152 797 1343 856 poffint:
1392 797 1468 839 sed

13 869 128 908 cere,
159 854 191 898 fi
211 855 368 907 velint,
398 856 444 897 in
467 854 696 897 Ubiorum
719 852 884 897 finibus
904 852 1143 905 considere,
1160 867 1357 909 quorum
1380 851 1470 897 fint

15 911 108 969 gati
129 910 246 969 apud
272 914 327 964 se,
371 910 419 953 &
440 910 494 954 de
514 912 768 953 Suevorum
801 910 980 961 injuriis
999 922 1264 966 querantur,
1308 909 1356 951 ἃ
1381 908 1404 951 ὲ
1424 907 1470 954 se

36 967 194 1011 xilium
220 978 374 1025 petant
402 982 411 1009 :
439 966 522 1010 hoc
544 968 584 1009 se
604 967 660 1010 ab
682 966 814 1010 Ubiis
835 967 1209 1021 impetraturum.
1271 969 1351 1008 IX.
1380 968 1470 1008 Lc-

32 1024 179 1068 tihaec
198 1024 237 1065 se
266 1022 323 1066 ad
347 1023 447 1066 suos
480 1023 703 1066 relaturos
738 1022 986 1074 dixerunt;
1031 1022 1081 1066 &
1117 1037 1162 1065 re
1199 1020 1471 1074 deliberata,

36 1078 74 1123 st
95 1080 216 1123 diem
239 1079 427 1123 tertium
450 1079 505 1123 ad
531 1079 757 1122 Caesarem
776 1079 1025 1122 reversuros
1044 1092 1055 1118 .-
1098 1079 1267 1121 interea
1290 1091 1342 1119 ne
1358 1091 1469 1136 pro-

19 1149 72 1189 ·us
93 1137 133 1179 se
151 1134 293 1180 castra
314 1146 535 1187 moveret,
562 1136 806 1194 petierunt.
866 1137 939 1179 Ne
960 1133 1005 1178 id
1030 1133 1216 1189 quidem
1238 1133 1392 1177 Caesar
1410 1133 1470 1177 ab

30 1192 267 1249 impetrari
297 1191 417 1247 posse
438 1190 577 1235 dixit.
639 1192 936 1248 Cognoverat
971 1191 1091 1233 enim
1132 1203 1345 1248 magnam
1366 1204 1470 1247 par-

16 1263 64 1298 ,m
84 1250 310 1303 equitatus
332 1247 388 1290 ab
409 1248 464 1291 iis
483 1248 659 1303 aliquot
678 1246 835 1290 diebus
856 1260 957 1290 ante
979 1245 1228 1306 praedandi,
1259 1245 1465 1289 frumen-

25 1305 189 1360 nd'ique
224 1304 388 1357 cauffa,
431 1304 488 1346 ad
511 1303 829 1347 Ambivaritos
864 1316 986 1345 trans
1027 1304 1207 1346 Mosam
1246 1300 1427 1345 miffam
1449 1316 1464 1346 t

37 1375 54 1404 s
72 1359 295 1417 expediari
316 1359 498 1414 equites,
516 1370 650 1414 atque
669 1361 762 1411 eius
784 1359 844 1403 rei
863 1357 1011 1402 cauffa
1032 1374 1212 1402 moram
1236 1359 1466 1416 interponi

27 1415 299 1460 bitrabatur.
376 1420 431 1460 X.
467 1416 811 1475 Mosaproflui:
831 1430 884 1458 ex
905 1426 1060 1458 monte
1077 1415 1270 1473 Vogeso,
1300 1417 1377 1470 qui
1396 1414 1465 1458 est

10 1470 26 1515 i*
42 1471 210 1516 finibus
232 1474 514 1529 Lingonum,
542 1472 593 1516 ὃς
614 1484 741 1530 parte
761 1471 957 1526 quadam
982 1472 1129 1516 Rheni
1154 1481 1343 1530 recepta,
1365 1485 1465 1526 quae

9 1529 223 1589 ppellatur
243 1530 406 1582 Walis,
436 1529 632 1573 insulam
654 1526 789 1571 efficit
810 1532 1086 1573 Batavorum
1111 1544 1121 1571 z
1156 1542 1296 1583 neque
1316 1526 1467 1584 longi-

10 1597 25 1634 Β
57 1585 115 1630 ab
150 1600 203 1629 eo
238 1585 441 1630 millibus
474 1582 684 1644 passuum
727 1588 899 1628 LXXX
937 1585 985 1628 in
1024 1587 1259 1628 Oceanum
1289 1585 1466 1627 tranfit.

13 1640 159 1691 ,henus
179 1653 332 1686 autem
352 1643 502 1686 oritur
520 1657 574 1685 ex
596 1642 847 1701 Lepontiis,
890 1642 968 1695 qui
993 1642 1129 1700 Alpes
1151 1642 1374 1694 incolunt,
1413 1641 1466 1684 ὃς

23 1711 114 1756 ngo
132 1699 274 1755 spatio
292 1712 368 1756 per
386 1697 496 1741 fines
532 1700 864 1748 Nantuatium,
914 1698 1256 1749 Helvetiorum,
1303 1695 1468 1751 Sequa·-

8 1767 155 1808 orum,
187 1755 665 1807 Mediomatricorum,
696 1754 1030 1802 Tribocorum,
1061 1755 1368 1797 Trevirorum
1405 1755 1467 1796 ci-

9 1822 94 1868 ttus
112 1807 287 1856 Fertur:
322 1811 387 1864 &,
419 1812 495 1853 ubi
519 1813 702 1855 Oceano
723 1810 1120 1870 appropinquavit,
1143 1810 1186 1851 in
1206 1811 1355 1868 plures
1373 1808 1468 1852 dif-

8 1867 77 1919 uit
98 1877 259 1926 partes,
307 1867 467 1912 multis
489 1867 829 1924 ingentibusque
849 1866 1005 1909 insulis
1031 1865 1215 1919 effediis,
1265 1879 1466 1919 quarum

8 1936 75 1975 ars
96 1937 259 1980 magna
280 1921 305 1967 ἂ
334 1924 456 1976 feris,
491 1922 778 1976 barbarisque
813 1923 1076 1966 nationibus
1110 1922 1360 1965 incolitur:
1409 1930 1466 1965 e'x

8 1978 136 2032 u'ib'us
153 1981 273 2035 sunt,
304 1981 382 2034 qui
409 1979 620 2039 piscibus,
652 1991 788 2034 atque
811 1980 909 2022 ovis
943 1979 1097 2022 avium
1125 1980 1275 2022 vivere
1308 1977 1468 2020 existi-

7 2035 191 2088 tantur}
226 2037 395 2080 multis
421 2051 473 2079 ue
492 2035 715 2094 capitibus
732 2036 777 2078 in
799 2037 1034 2079 Oceanum
1055 2034 1225 2078 influit.
1258 2037 1343 2078 XI.
1363 2034 1469 2077 Cae-

18 2096 54 2145 ᾖ,
83 2104 227 2150 quum
247 2094 304 2136 ab
325 2051 453 2136 hocllte
488 2108 579 2135 non
608 2091 806 2150 amplius
827 2089 1035 2150 passuum
1060 2106 1138 2134 x11
1164 2091 1369 2134 millibus
1387 2089 1468 2133 ab·

33 2158 94 2201 et,
123 2161 176 2191 ut
195 2160 290 2193 erat
311 2150 635 2201 constitutum,
666 2147 722 2191 ad
742 2162 846 2191 eum
870 2148 1008 2207 legati
1028 2159 1319 2190 revertuntur
1341 2161 1351 2189 τ
1383 2147 1467 2201 qui

6 2203 214 2261 [itinere
245 2205 452 2263 congressi
479 2218 766 2264 magnopere,
794 2218 846 2246 ne
879 2205 1064 2262 longius
1099 2203 1467 2263 progrederetur,

26 2254 177 2319 abant,
225 2264 412 2319 fQuum
432 2261 477 2304 id
502 2276 588 2303 non
611 2258 941 2318 impetrassent,
973 2260 1197 2315 petebant,
1226 2261 1295 2302 uti
1315 2257 1369 2302 ad
1390 2273 1465 2312 eos

22 2312 159 2372 trites,
185 2319 263 2371 qui
284 2331 444 2375 agmen
468 2316 798 2383 anteceffiffent,
826 2319 1141 2375 praemitteret,
1169 2317 1330 2372 eosque
1350 2328 1466 2372 pug-

6 2373 34 2432 ⁸.
67 2373 359 2431 prohiberet:
409 2371 579 2428 sibique
614 2375 684 2415 ut*
711 2372 996 2432 ⁴potestatem
1035 2373 1196 2414 faceret
1232 2373 1277 2413 in
1320 2372 1466 2415 Ubios

14 2427 141 2494 gatos
161 2428 376 2473 mittendi
396 2445 410 2472 τ
440 2444 636 2483 quorum
743 2428 928 2488 rincipes
950 2443 998 2472 ac
1022 2428 1195 2471 senatus
1234 2426 1315 2470 fibi
1356 2428 1466 2479 iure.

25 2483 165 2544 :fando
182 2483 322 2529 fidem
347 2485 562 2536 fecissent,
593 2499 643 2529 ea
661 2485 936 2540 conditione,
965 2498 1062 2540 quae
1085 2482 1109 2525 ἒ.
1132 2484 1311 2527 Caesare
1330 2483 1463 2527 ferr-e-

26 2535 61 2589 τι,
88 2541 128 2586 se
155 2541 312 2586 u'suros
342 2541 658 2586 ostendebant.
718 2541 794 2584 Ad
831 2540 908 2584 has
946 2556 1011 2583 res
1044 2538 1346 2583 conficiendas
1380 2537 1466 2586 fibi

19 2590 117 2657 ‚dui
134 2596 328 2654 spatium
350 2595 494 2642 &aren
572 2600 682 2640 Haec
699 2597 855 2642 omnia
876 2597 1026 2640 Caesar
1048 2596 1206 2639 eodem
1225 2596 1304 2639 illo
1325 2598 1465 2653 perti-

27 2662 73 2713 te
89 2652 412 2706 arbitrabatur,
456 2666 510 2697 ut
538 2654 688 2696 tridui
715 2669 846 2697 mora
877 2652 1158 2709 interposita,
1200 2652 1372 2707 equites
1389 2664 1465 2694 eo-

18 2709 90 2751 in,
113 2710 431 2764 ·quiabess‘ent,
479 2719 839 2754 reverterentur:
888 2720 1042 2752 tamen
1060 2710 1139 2752 sese
1159 2723 1248 2751 non
1283 2707 1464 2763 longius

78 2763 173 2811 bus
192 2766 412 2844 ,paffuum
436 2779 490 2816 iv
522 2767 780 2824 aquationis
795 2763 942 2812 caussa
973 2762 1281 2826 processurum
1298 2777 1355 2865 ἒς)
1387 2761 1465 2827 §lie

223 2836 271 2843 ”’
578 2839 587 2848 ”
704 2859 714 2863 -
782 2829 823 2851 ³*
932 2843 982 2867 '-
1052 2847 1094 2851 ’·
1335 2830 1520 2869 lxxa·
