1648 3036
90 80 174 151 24
342 71 463 129 DE
509 65 838 126 BELLO
881 57 1327 118 GALcho

94 160 188 210 fiss'e
208 176 218 206 t
251 170 392 211 neque
414 164 573 199 contra
593 149 818 211 populum
843 151 907 193 R.
928 144 1118 189 omnino
1137 138 1388 199 conjurasse
1410 152 1423 184 τ
1455 149 1587 198 para-

93 222 252 275 tosque
283 214 368 261 ess'e
405 213 455 257 ὃς
473 210 647 255 obfides
684 206 807 260 dare,
837 203 1137 262 &imperata
1155 199 1314 251 facere,
1342 198 1392 244 ὃ(
1413 192 1597 253 oppidis

93 278 306 335 recipere,
334 272 384 316 δέ
417 269 668 319 frumento,
694 262 952 318 caeterisque
989 259 1119 303 rebus
1162 258 1342 311 iuvare:
1388 254 1605 306 reliquos.

94 346 254 378 omnes
290 329 444 386 Belgas
477 326 525 368 in
560 323 700 367 armis
732 320 851 363 effe:
885 314 1247 369 Germanosque,
1283 312 1363 366 qui
1391 310 1451 355 cis
1471 307 1598 354 Rhe-

97 404 210 436 num
234 385 459 433 incolunt,
493 381 579 423 sese
613 393 720 421 cum
741 377 809 420 his
840 370 1148 431 conjunxisse:
1200 380 1476 424 tantumque
1513 361 1597 408 effe

93 459 255 494 eorum
296 440 508 486 omnium
545 439 765 486 furorem,
804 441 875 486 ut,
926 443 981 473 ne
1023 426 1249 472 Suessones
1280 424 1466 480 quidem
1503 418 1600 465 fra·-

99 517 191 549 tres
211 495 643 559 consanguineolque
666 492 782 542 suos,
818 489 900 545 qui
920 483 1078 530 eodem
1105 486 1222 542 jure,
1241 482 1399 527 iisdem
1421 476 1600 537 legibus

99 570 312 609 utantur,
340 567 486 597 unum
527 561 793 608 imperium,
831 555 1069 598 unumque
1126 538 1454 599 magistratum
1490 546 1598 577 cum.

100 616 208 678 ipsis
239 614 450 659 habeant,
478 606 702 651 deterrere
740 601 993 663 potuerint,
1034 599 1144 654 quin
1168 612 1274 641 cum
1296 594 1366 639 his
1386 589 1616 637 consenti.-

101 686 223 719 rent.
282 671 366 713 IV.
399 669 562 723 Quum
593 663 650 707 ab
674 663 743 706 his
763 668 998 715 quaereret,
1035 670 1136 711 quae
1176 654 1379 699 civitates
1398 658 1616 706 quantae-·

103 744 191 787 que
215 731 259 772 in
282 724 420 769 armis
441 719 597 773 effent,
626 720 675 764 &
696 718 807 774 quid
830 717 875 758 in
894 713 1013 757 bello
1033 709 1220 769 poffent,
1251 707 1308 753 fic
1326 703 1574 766 reperiebat
1591 717 1616 750 t.

103 786 345 839 Plerosque
368 779 524 838 Belgas
542 775 626 822 effe
645 788 773 820 ortos
809 770 837 816 ὲ
870 771 1136 824 Germanis,
1166 769 1466 820 Rhenumque
1487 760 1616 806 anti-⁷

107 843 268 900 quitus
289 835 590 891 transducstos,
620 844 805 893 propter
826 830 914 873 loci
943 827 1236 873 fertilitatem
1257 823 1322 867 ibi
1340 815 1575 865 consediffe
1595 826 1618 857 .··

109 898 374 953 Gallosque,
413 894 496 950 qui
529 907 579 937 ea
601 890 700 935 loca
722 887 985 940 incolerent,
1016 882 1232 940 expuliffe
1255 898 1267 926 .·
1288 880 1487 934 solosque
1507 874 1622 924 effe„

110 958 191 1014 qui
225 966 413 1014 patrum
443 948 709 994 nostrorum
746 942 1004 994 memoria;
1067 941 1196 984 omni
1240 937 1396 982 Gallia
1432 942 1620 983 vexatasn

110 1018 372 1064 Teutonos,
406 1006 718 1060 Cimbrosque
750 1004 872 1046 intra
905 998 1015 1043 fines
1035 997 1135 1041 suos
1167 990 1619 1054 ingrediprohibue-·

110 1073 224 1116 rint.
255 1072 361 1126 Qua
381 1079 434 1122 ex
471 1079 516 1108 re
537 1062 652 1114 fieri,
684 1059 755 1103 uti
777 1072 936 1102 earum
957 1070 1111 1099 rerum
1145 1052 1372 1097 memoria
1391 1058 1620 1106 magnam·

113 1128 200 1174 fibi
238 1123 583 1173 audioritatem,
615 1116 891 1176 magnosque
909 1112 1093 1173 spiritus
1116 1111 1162 1153 in
1182 1124 1228 1154 re
1248 1107 1447 1152 militari
1468 1107 1622 1148 sume-

114 1195 234 1231 rent.
289 1185 358 1226 De
396 1191 589 1221 numero
610 1188 770 1219 eorum
791 1172 948 1216 omnia
983 1170 1023 1213 se
1043 1167 1203 1212 habere
1223 1164 1460 1222 explorata
1492 1158 1622 1209 Rhe-,-

116 1242 187 1286 mi
213 1238 443 1289 dicebant,
471 1242 709 1295 propterea
741 1227 865 1286 quod
916 1222 1340 1284 propinquitatibus
1377 1214 1622 1269 affinitati,-

116 1298 288 1351 busque
324 1290 571 1348 conjund'ii,
600 1298 824 1348 quantam
841 1285 1031 1341 quisque
1051 1279 1407 1325 multitudinem
1429 1277 1476 1320 in
1494 1283 1623 1320 com*-

118 1355 256 1400 muni
282 1351 526 1410 Belgarum
562 1345 757 1390 concilio
795 1343 853 1388 ad
886 1342 934 1385 id
967 1340 1137 1385 bellum
1164 1337 1392 1394 pollicitus
1413 1333 1486 1387 fit,
1515 1342 1625 1389 cog50,

117 1409 350 1457 noverint.
396 1405 663 1450 Plurimum
701 1403 819 1445 inter
853 1413 925 1443 eos
963 1396 1219 1441 Bellovacos
1259 1393 1308 1438 &
1341 1392 1533 1445 virtute,
1578 1393 1611 1425 ·'-2

117 1463 462 1517 audior-itatessc
481 1461 725 1506 hominum
746 1470 942 1502 numero
957 1454 1106 1498 valere
1124 1468 1136 1496 ι
1172 1454 1252 1498 hos
1269 1447 1387 1511 posse
1405 1444 1572 1492 confice
1583 1492 1586 1495 ,
1607 1465 1610 1479 1

121 1535 303 1570 armata
338 1519 487 1564 millia
514 1528 730 1568 centum3
764 1513 988 1572 pollicitos
1009 1525 1062 1553 ex
1098 1522 1150 1553 eo
1169 1522 1362 1552 numero
1379 1504 1492 1550 ledia
1513 1497 1622 1557 mil?

122 1584 190 1627 lia
210 1582 292 1625 lx:
327 1576 558 1630 totiusque
595 1572 700 1617 belli
724 1571 973 1631 imperium
1012 1566 1093 1611 fibi
1120 1565 1366 1623 postulare.
1399 1560 1611 1607 Sueffon·

123 1642 225 1683 suos
258 1636 342 1681 esse
364 1633 622 1685 finitimos:
657 1628 908 1681 latiffimos,
955 1622 1330 1677 feraciffimosque
1360 1632 1490 1679 agros
1523 1614 1623 1675 pos&

125 1694 280 1741 fidere.
327 1690 466 1751 Apud
487 1703 558 1733 eos
578 1685 707 1732 fuisse
731 1698 881 1744 regem
903 1680 1058 1725 nostra
1083 1682 1224 1725 etiam
1248 1676 1474 1723 memoria
1494 1673 1607 1725 Divi

124 1753 302 1797 tiacum
336 1748 481 1791 totius
520 1743 687 1789 Galliae
725 1739 1122 1802 potentiffimum3
1151 1737 1232 1792 qui
1266 1747 1414 1791 quum
1450 1733 1599 1789 magn

128 1809 273 1870 partis
305 1804 474 1849 harum
507 1803 765 1860 regionum,
797 1810 899 1841 tum
919 1796 1061 1839 etiam
1083 1794 1342 1846 Britanniae,
1375 1791 1540 1850 imperi
1588 1811 1611 1825 ιἱ

126 1862 414 1909 obtinuerit:
463 1872 584 1902 nunc
625 1854 708 1901 ess'e
738 1868 889 1915 regem
919 1852 1162 1898 Galbam:
1196 1850 1252 1895 ad
1289 1850 1410 1894 hunc
1443 1856 1595 1907 propt

123 1921 379 1974 justitiam,
406 1915 808 1975 prudentiamque,
839 1912 1070 1954 summam
1105 1908 1250 1951 totius
1279 1905 1386 1951 belli
1415 1899 1615 1948 omniu'

128 1978 373 2023 voluntate
402 1971 603 2017 deferri:
659 1969 828 2029 oppida
878 1968 1041 2013 habere
1077 1977 1268 2009 numero
1300 1962 1401 2008 xii.-
1431 1960 1612 2022 pouit-³-

132 2034 283 2079 millia
301 2043 480 2083 armata
497 2028 831 2084 quinquaginta
853 2039 863 2068 :
883 2023 1082 2068 totidem
1094 2022 1314 2074 Nervios,
1331 2019 1414 2078 qui
1433 2017 1556 2061 maxi
1570 2040 1605 2056 ιι

128 2091 215 2138 feri
234 2092 351 2135 inter
387 2087 503 2148 ipsos
522 2083 795 2138 habeantur,
834 2080 1176 2140 longiffimeque
1200 2075 1348 2123 abfint
1370 2092 1380 2120 z
1403 2089 1464 2119 xv
1482 2072 1615 2120 mill'

135 2146 379 2193 Atrebates
400 2161 411 2189 ι
445 2142 701 2186 Ambianos
720 2156 750 2185 x
773 2138 919 2184 millia
941 2154 953 2181 ε
985 2138 1197 2180 Morinos
1217 2148 1312 2179 xxv
1331 2132 1480 2178 millia
1499 2146 1511 2175 t
1534 2133 1618 2175 M⁴¹>

136 2205 296 2265 napios
334 2203 382 2247 ix
407 2199 583 2244 millia:
626 2196 811 2242 Caletes
845 2210 873 2238 x
913 2195 1091 2239 millia:
1123 2188 1377 2237 Velocaffes
1413 2189 1463 2234 &
1493 2190 1613 2235 Ver‘

136 2261 365 2307 manduos
395 2256 624 2302 totidem:
674 2252 928 2299 Aduaticos
966 2253 1079 2296 xxix
1111 2248 1284 2294 millia:
1347 2244 1616 2291 Condrus

140 2319 397 2368 Eburones,
433 2312 661 2364 Caeraesos,
695 2316 947 2358 Paemanos‚
982 2308 1062 2363 qui
1081 2321 1175 2351 uno
1194 2303 1380 2350 nomine
1413 2305 1591 2347 Germ

139 2376 445 2437 appellantur,
478 2368 695 2415 arbitrari
727 2370 785 2413 ad
819 2367 866 2411 xl
900 2366 1063 2411 millia.
1120 2366 1183 2408 V.
1231 2361 1385 2407 Caesar
1434 2358 1618 2408 Rheiu„

139 2434 426 2483 cohortatus,
457 2426 791 2481 liberaliterque
824 2425 1031 2467 oratione
1048 2420 1323 2482 prosecutos,
1355 2414 1540 2461 omnem
1573 2400 1630 2470 ff

141 2501 307 2536 natum
332 2486 386 2530 ad
410 2485 450 2529 se
467 2483 719 2535 convenire,
739 2482 1089 2540 principumque
1121 2477 1285 2522 liberos
1305 2473 1480 2520 obfides
1511 2469 1579 2517 adv
1599 2456 1630 2538 1

145 2545 314 2591 adduci
340 2542 469 2597 juffit.
502 2544 615 2603 Quae
648 2540 802 2582 omnia
823 2538 880 2581 ab
915 2537 985 2582 his
1016 2534 1263 2593 diligenter
1297 2531 1354 2577 ad
1375 2531 1498 2574 diem
1519 2527 1592 2574 fa

145 2605 267 2646 sunt.
317 2599 413 2660 Ipse
465 2596 752 2641 Divitiacum
798 2594 1003 2640 AEduum
1043 2604 1314 2650 magnopere
1366 2586 1594 2632 cohortat‘

148 2662 282 2703 docet
311 2664 588 2717 quantopere
610 2654 692 2697 Rei
702 2666 742 2708 p.
773 2649 1119 2707 communisque
1138 2648 1295 2692 salutis
1313 2643 1505 2696 interiit,
1572 2665 1581 2680 ·

152 2731 237 2761 nus
269 2712 475 2759 hostium
512 2710 735 2763 distineri,
787 2723 840 2752 ne
889 2722 996 2752 cum
1045 2714 1176 2750 tanta
1209 2699 1517 2746 multitudine

154 2785 360 2829 tempore
395 2766 735 2827 confligendum
777 2765 862 2810 fit:
896 2765 944 2809 id
981 2761 1081 2808 fieri
1111 2758 1247 2819 poffe‚
1284 2759 1317 2803 fi
1342 2757 1441 2802 suas
1481 2754 1592 2818 cOp‘

158 2828 298 2878 AEdui
332 2827 380 2875 in
419 2823 531 2874 fines
580 2822 924 2874 Bellovacorum
975 2816 1335 2877 introduxerint,
1394 2813 1447 2864 &
1482 2825 1630 2929 ειὲτέι
