1648 3036
57 140 205 178 antur.
263 129 512 175 Suevorum
544 144 647 190 gens
669 131 734 174 est
773 130 907 186 longe
943 126 1164 181 maxima,
1194 124 1245 171 &
1266 125 1466 172 bellico--⁶

30 191 126 233 ima
158 191 504 232 Germanorum
531 187 761 231 omnium.
824 187 864 230 Ii
899 198 1080 228 centum
1115 198 1255 242 pagos
1286 185 1458 228 habere

43 257 181 290 untur
201 259 215 298 ;
247 257 301 286 ex
323 243 494 299 quibus
511 244 755 299 quotannis
775 239 952 300 fingula
979 242 1127 285 millia
1145 251 1456 293 armatorum,

27 302 164 347 flandi
197 298 360 354 caussa,
406 300 495 342 suis
531 314 584 342 ex
624 297 792 342 finibus
827 299 1043 343 educunt.
1104 297 1290 351 Reliqui
1320 296 1458 341 domi-

47 369 151 401 nent
169 371 181 410 3
207 370 287 415 pro
307 356 347 399 se
365 367 499 411 atque
519 356 605 399 illis
624 355 800 399 colunt,
861 356 929 400 Hi
946 353 1099 398 rursus
1121 353 1316 396 invicem
1334 366 1463 396 anno

31 414 133 457 stin
169 412 310 456 armis
346 414 480 463 sunt3
511 412 578 456 illi
598 411 728 455 domi
761 423 1010 455 remanent.
1068 408 1136 452 Sic
1160 423 1299 463 neque
1332 410 1456 467 agri-

28 470 164 522 ltura,
193 482 332 523 neque
368 470 505 518 ratio,
548 482 688 523 neque
717 469 818 512 usus
852 468 954 512 belli
988 467 1348 510 intermittitur:
1380 462 1456 508 sed

24 526 145 579 ἰ’-λεὶ,
177 539 226 568 ac
245 525 436 583 separati
458 526 554 582 agri
582 524 701 583 apud
723 539 794 568 eos
829 524 945 567 nihil
976 522 1072 566 est:
1106 537 1249 577 neque
1271 522 1457 580 longius

28 595 85 626 no
119 596 344 625 remanere
376 596 469 624 uno
489 585 534 625 in
560 580 673 634 loco,
704 580 928 624 incolendi
948 579 1108 630 caussa,
1145 579 1282 622 licet:
1314 591 1459 633 neque

21 638 170 682 ultum
206 637 459 691 frumento,
488 635 559 680 sed
595 640 852 681 maximam
887 649 1067 696 partem
1087 635 1200 679 ladie
1218 645 1353 689 atque
1382 648 1456 694 pe-

23 709 66 737 re
103 695 282 746 vivunt,
313 695 608 750 multumque
642 693 747 737 sunt
783 693 828 736 in
862 692 1192 737 venationibus.
1254 694 1367 747 Qpae
1390 703 1459 735 res

57 750 146 794 cibi
181 764 353 809 genere,
386 751 435 795 &
471 748 747 808 quotidiana
782 751 1120 798 exercitatione,
1161 749 1211 793 &
1247 747 1460 790 libertate

21 817 73 850 tae
108 807 252 862 (quod
276 806 301 851 ὲ
334 806 485 866 pueris
518 808 646 850 nullo
666 805 835 860 officio,
864 820 946 849 aut
966 804 1203 862 disciplina
1224 802 1463 848 assuefatsti·

20 860 87 906 hil
104 864 295 906 omnino
316 874 474 906 contra
509 863 796 907 voluntatem
832 861 1022 920 faciant)
1055 862 1104 906 &
1139 863 1254 906 vires
1275 860 1374 912 alit,
1404 859 1458 903 ὃς

39 919 162 963 mani
183 933 431 978 corporum
465 918 783 978 magnitudine
815 917 970 963 efficit.
1030 918 1185 973 Atque
1218 918 1265 961 in
1286 930 1387 961 eam
1415 916 1462 960 se

31 974 347 1026 insuetudinem
384 974 694 1028 adduxerunt,
737 988 790 1019 ut
834 977 942 1020 locis
977 971 1278 1032 frigidissimis
1314 983 1460 1027 neque

27 1029 176 1084 stitus,
216 1044 377 1089 praeter
413 1033 560 1092 pelles,
589 1032 785 1076 habeant
821 1032 1094 1088 quidquam,
1125 1044 1322 1086 quarum
1357 1041 1464 1086 pro-

25 1101 71 1131 ει·
89 1089 407 1147 exiguitatem,
428 1102 593 1148 magna
610 1088 674 1132 est
696 1091 898 1147 corporis
919 1102 1020 1149 pars
1041 1100 1213 1145 aperta,
1236 1087 1285 1130 &
1305 1085 1463 1129 laven-

16 1159 48 1187 ιι·
68 1144 114 1187 in
133 1145 418 1190 fluminibus.
481 1150 548 1191 ΙΙ.
578 1146 912 1189 Mercatoribus
945 1142 1009 1189 est
1031 1148 1087 1188 ad
1108 1159 1180 1188 eos
1209 1145 1378 1195 aditus,
1407 1154 1463 1185 eo

25 1201 137 1258 agis,
167 1215 220 1246 ut
251 1216 351 1260 quae
393 1201 511 1246 bello
548 1202 760 1260 ceperint,
801 1202 965 1256 quibus
998 1202 1214 1253 vendant,
1249 1198 1465 1251 habeant,

40 1271 114 1300 am
152 1274 246 1314 quo
277 1259 418 1302 ullam
455 1273 551 1301 rem
575 1258 630 1302 ad
665 1259 704 1300 se
737 1258 980 1318 importari
1012 1256 1274 1302 desiderent.
1333 1255 1465 1312 Quin

19 1313 110 1357 iam
128 1314 364 1367 jumentis,
395 1315 562 1372 quibus
585 1315 787 1358 maxime
808 1316 965 1359 Gallia
985 1313 1249 1366 ddediatur,
1268 1322 1466 1370 quaeque

43 1370 174 1428 penso
203 1384 331 1431 parat
353 1372 517 1429 pretio,
550 1373 773 1415 Germani
807 1372 1071 1430 importatis
1100 1385 1189 1414 non
1227 1379 1426 1411 utuntur
1450 1381 1471 1421 ς.

16 1426 41 1468 d
62 1437 163 1484 quae
185 1430 288 1472 sunt
307 1427 427 1486 apud
448 1442 519 1471 eos
538 1439 643 1471 nata
662 1441 801 1485 prava
821 1440 958 1484 atque
975 1427 1216 1479 deformia,
1236 1425 1330 1469 haec
1347 1434 1467 1480 quo«.-

16 1519 17 1522 ,
50 1484 153 1528 iana
169 1485 491 1528 exercitatione
508 1484 675 1528 summi
695 1497 748 1528 ut
766 1485 852 1528 sint
872 1484 1055 1538 laboriS,
1072 1482 1293 1528 efficiunt.
1318 1485 1466 1536 Eque-

24 1536 147 1585 ribus
174 1541 352 1600 proeliis
370 1540 483 1596 saepe
502 1555 555 1584 ex
573 1543 697 1598 equis
718 1539 950 1594 desiliunt,
980 1555 1030 1584 ac
1047 1541 1236 1602 pedibus
1253 1537 1464 1597 praelian·

33 1610 75 1650 t,
109 1598 334 1655 equosque
367 1599 526 1641 eodem
564 1612 794 1642 remanere
829 1596 1025 1656 vestigio
1057 1594 1376 1648 affuefacssunt,
1403 1591 1465 1641 ad

18 1663 20 1665 ’
45 1653 149 1696 osse
170 1654 388 1707 celeriter,
418 1665 566 1711 quum
596 1655 699 1698 usus
733 1654 895 1714 poscit,
925 1655 1184 1713 recipiuntz
1217 1663 1362 1709 neque
1387 1665 1467 1694 eo-

14 1722 85 1752 am
119 1710 324 1762 moribus
362 1711 543 1768 turpius
580 1712 857 1768 quidquam,
902 1723 983 1756 aut
1024 1712 1216 1757 inertius
1254 1708 1468 1762 habetur,

14 1779 119 1829 ¹'uam
154 1765 374 1828 ephippiis
394 1771 465 1810 uti
487 1781 496 1810 :
528 1767 682 1823 itaque
704 1767 758 1811 ad
781 1769 991 1826 quemvis
1026 1781 1274 1812 numerum
1309 1764 1469 1823 ephip-

28 1833 210 1868 atorum
243 1825 456 1881 equitum
477 1826 689 1882 quamvis
711 1826 844 1882 pauci
863 1825 987 1869 adire
1009 1826 1222 1869 audeant.
1280 1823 1465 1866 Vinum

15 1875 38 1920 i
54 1877 95 1923 se
111 1881 301 1923 omnino
320 1881 562 1939 importari
585 1896 674 1924 non
697 1884 873 1926 fluunt:
907 1881 1032 1940 quod
1048 1896 1098 1925 ea
1117 1896 1162 1924 re
1182 1880 1237 1925 ad
1259 1878 1467 1922 laborem

14 1936 212 1980 sendum
233 1936 530 1982 remollescere
546 1935 765 1990 homineS,
784 1949 918 1992 atque
937 1936 1219 1982 effoeminari
1236 1935 1470 1980 arbitran-

13 2004 72 2035 αι’.
132 1997 224 2037 ΙΙΙ.
257 1994 441 2038 Publice
461 1995 712 2039 maximam
731 2006 896 2054 putant
912 1993 994 2038 effe
1013 1994 1212 2046 laudem,
1234 2004 1377 2050 quam
1398 1990 1469 2033 la·-

25 2046 144 2092 ffime
165 2048 189 2093 a
211 2051 298 2094 suis
318 2049 488 2094 finibus
511 2066 667 2095 vacare
688 2066 818 2110 agros
841 2066 852 2093 :
882 2050 963 2094 hac
984 2065 1030 2095 re
1049 2048 1308 2110 fignificari',
1339 2059 1470 2103 mag2-

14 2119 96 2148 um
113 2120 356 2150 numerum
375 2108 618 2150 civitatum
635 2107 763 2151 suam
782 2108 878 2151 vim
898 2106 1114 2150 sustinere
1135 2122 1223 2149 non
1242 2102 1435 2164 poeuiffe‘
1453 2118 1467 2146 t

21 2172 256 2225 aque-una
277 2178 331 2206 ex
364 2175 490 2222 parte
515 2163 538 2208 a
564 2166 714 2208 Suevis
736 2165 914 2208 circiter
934 2165 1080 2209 millia
1112 2161 1321 2222 passuum
1353 2166 1396 2204 D
1419 2159 1466 2202 C

41 2231 79 2260 ri
99 2233 253 2263 vacare
271 2220 505 2265 dicuntur.
563 2221 639 2264 Ad
662 2219 850 2264 alteram
873 2233 1051 2281 partem
1082 2219 1321 2263 succedunt
1339 2216 1472 2268 Vbii,

15 2286 176 2318 uorum
198 2276 287 2319 fuit
304 2276 463 2320 civitas
481 2279 634 2335 ampla
655 2287 789 2332 atque
813 2278 990 2331 florens,
1019 2287 1072 2320 ut
1091 2277 1154 2320 est
1175 2275 1470 2334 captusGer—

18 2337 246 2385 anorum,
277 2332 325 2376 &
345 2333 519 2391 paullo,
545 2334 749 2389 quisunt
769 2334 965 2387 ejusdem
1002 2334 1188 2391 generis,
1216 2331 1356 2375 ctiam
1387 2342 1472 2372 cae-

55 2386 91 2430 is
129 2387 435 2442 humaniores,
481 2401 719 2450 propterea
767 2391 889 2445 quod
941 2391 1157 2434 Rhenum
1216 2387 1473 2444 attingunt,

20 2443 218 2506 ‚ultique
236 2446 291 2490 ad
309 2460 381 2488 eos
404 2458 673 2490 mercatores
693 2448 941 2498 ventitant,
969 2446 1018 2490 δε
1039 2447 1116 2504 ipsi
1142 2456 1327 2507 propter
1365 2454 1474 2501 pro-

19 2501 287 2557 niquitatem
311 2502 501 2546 Gallicis
525 2504 630 2546 sunt
664 2504 870 2547 moribus
891 2502 1138 2549 assuefatsti.
1201 2506 1299 2546 Hos
1320 2510 1470 2556 quum

18 2557 132 2612 nevi,
162 2558 322 2601 multis
358 2560 468 2618 saepe
502 2559 627 2603 bellis
662 2560 850 2617 experti,
882 2571 1066 2620 propter
1097 2557 1474 2619 amplitudinem,

42 2614 350 2671 avitatemque
386 2618 602 2669 civitatis,
633 2613 801 2660 finibus
830 2618 1048 2676 expellere
1083 2631 1175 2658 non
1212 2611 1479 2675 potuissent,

43 2723 53 2733 ⁸
87 2683 139 2712 en
162 2670 396 2729 vediigales
430 2673 511 2715 fibi
532 2671 751 2726 fecerunt,
781 2687 831 2717 ac
866 2674 1020 2717 multo
1041 2673 1310 2716 humiliores
1343 2665 1474 2713 infir·
1513 2673 1515 2675 ’

89 2726 234 2780 resque
251 2727 562 2773 reddiderunt.
622 2732 708 2772 IV.
745 2733 796 2773 In
815 2730 970 2773 eadem
993 2727 1139 2773 caussa
1156 2729 1344 2773 fuerunt
1368 2723 1476 2770 nfi-

68 2793 125 2837 es,
153 2783 206 2838 δι,
224 2784 522 2843 Tenchtheri,
549 2799 662 2844 quos
679 2784 818 2846 supra
848 2786 1089 2842 diximus;
1117 2788 1197 2848 qui
1218 2781 1476 2844 complures

99 2851 102 2853 ’
1333 2849 1476 2886 annos
