1607 3036
33 151 95 192 ’Ἥ
110 172 154 201 m
176 157 358 216 gravius
378 171 523 202 morte
545 159 659 202 cives
684 158 887 203 Romani
904 159 1115 205 subissent
1135 178 1150 206 .·
1181 166 1330 209 Ponto
1348 178 1456 210 vero

75 215 194 258 deret
231 212 505 257 confestim:
540 212 818 268 familiasque
858 215 1205 272 publicanorum
1247 222 1456 266 remitte-

35 285 73 327 3
99 280 339 322 exteraque
373 269 627 313 restitueret
649 270 775 313 sociis
803 270 1061 325 civibusque
1086 278 1323 329 Romanis,
1352 289 1453 334 quae

53 339 94 370 es
110 338 211 366 eum
238 324 386 369 essent.
446 327 488 369 Si
511 323 693 377 fecisset,
724 326 816 382 jam
837 337 946 369 tunc
967 327 1047 370 fibi
1069 330 1271 372 mitteret
1293 347 1454 377 mune-

46 438 155 496 'pere
176 435 465 482 consueffent.
524 437 711 481 Miserat
729 451 849 480 enim
877 439 1119 484 Pharnaces
1139 455 1349 485 coronam
1371 458 1456 487 au-

2 503 9 538 4
68 514 102 534 .
161 494 246 535 His
266 493 479 549 responsis
498 493 614 536 datis
636 494 804 550 legatos
826 495 1010 539 remifit.
1067 499 1194 540 LVI.
1228 497 1294 540 At
1317 499 1456 544 Pha—r-

50 560 90 592 es
120 548 285 592 omnia
313 550 566 594 liberaliter
603 551 867 609 pollicitus3
899 566 1044 605 quum
1079 552 1367 597 festinantem
1405 569 1455 599 ac

1 631 14 653 ,,
52 615 277 664 perantem
309 606 535 650 Caesarem
556 606 749 663 speraret
773 606 988 651 libentius
1008 608 1146 652 etiam
1169 610 1455 654 crediturum

2 694 5 700 .
34 661 303 718 ⁸promiffis³
332 676 469 717 quam
494 677 558 705 res
579 672 807 716 pateretur
832 680 848 704 .·
874 675 967 717 quo
987 665 1169 707 celerius
1202 664 1457 710 honestius·

4 740 9 753 .
73 713 128 758 ad
165 730 228 759 res
268 719 409 774 magis
444 717 698 763 necessarias
728 718 1085 776 proficisceretur
1123 721 1317 774 (nemini
1337 723 1459 766 enim

34 776 40 785 ¹
73 771 303 828 ignotum,
334 774 547 831 plurimis
568 774 622 816 de
643 776 794 818 caustis
816 777 872 819 ad
896 776 1053 817 urbem
1078 777 1301 820 Caesarem
1324 792 1456 822 revo-

58 831 88 876 )⁴
110 828 276 871 lentius
308 843 452 885 agere>
479 830 721 873 decedendi
759 832 880 875 diem
918 829 1146 887 postulare
1184 832 1458 891 longiorem,

0 904 5 914 =
46 884 184 932 'iones
220 885 517 943 interponere,
546 887 591 928 in
623 886 806 931 summa
842 888 1053 931 frustrari
1089 889 1245 942 coepit.
1302 890 1459 934 Caesar

13 941 140 983 nita
173 941 420 984 calliditate
457 940 674 994 hominis,
703 943 824 997 quod
859 945 958 989 aliis
983 945 1265 1003 temporibus
1289 957 1456 990 natura

13 1028 14 1031 ,
34 996 419 1050 reconsueverat,
448 1010 553 1040 tunc
573 999 815 1043 necessitate
836 999 942 1043 fecit
962 1000 1202 1054 addua-stus,
1230 1012 1281 1042 ut
1303 1001 1459 1046 celeri-

0 1069 6 1097 ι
30 1051 241 1095 mnium
264 1054 475 1107 opinione
504 1069 695 1098 manum
718 1057 974 1100 consereret.
1034 1059 1191 1101 LVII.
1225 1056 1350 1101 Ziela
1389 1056 1456 1101 est

4 1131 7 1136 ·
32 1105 43 1166 ἰ
57 1107 180 1151 idum
205 1108 249 1150 in
275 1114 420 1152 Ponto
433 1109 581 1168 post-tu
603 1111 712 1170 ipso,
743 1124 794 1155 ut
813 1114 861 1157 in
880 1114 1020 1171 plano
1039 1113 1156 1163 loco,
1182 1112 1285 1157 satis
1304 1114 1459 1157 muni-

72 1195 83 1207 .
140 1165 380 1207 Tumulus
399 1167 518 1209 enim
542 1168 773 1222 naturalis,
808 1170 934 1213 velut
956 1183 1094 1213 manu
1116 1168 1278 1219 sacius,
1308 1170 1459 1213 excel-

5 1248 8 1256 ·
35 1233 71 1266 e
91 1219 293 1276 undique
311 1219 496 1279 fastigio
516 1221 704 1268 sustinet
722 1239 930 1270 murum.
989 1225 1325 1283 Circumpofiti
1354 1227 1459 1268 sunt

0 1278 6 1285 ’
37 1281 39 1286 ’
85 1276 256 1334 oppido
279 1282 435 1335 magni
456 1279 681 1334 multique
714 1281 904 1326 intercifi
926 1281 1116 1326 vallibus
1148 1283 1307 1326 colles:
1342 1293 1461 1338 quo-

34 1335 39 1340 '
97 1332 359 1376 editiffimus
395 1348 523 1385 unus,
554 1338 635 1391 qui
672 1350 858 1395 propter
879 1338 1118 1382 vidioriarn
1148 1338 1461 1390 Mithridatis,

60 1388 361 1434 faelicitatem
382 1390 575 1437 Triarii,
608 1391 1022 1450 detrimentumque
1044 1394 1265 1438 exercitus
1295 1391 1461 1446 nostri,

37 1444 261 1489 rioribus
283 1446 391 1489 locis
414 1460 549 1499 atque
568 1447 806 1492 itineribus
830 1465 949 1506 paene
983 1449 1247 1506 conJ‘undius
1267 1449 1459 1508 oppido,

48 1516 169 1545 nam
192 1501 237 1543 in
255 1502 343 1545 illis
366 1502 572 1560 partibus
592 1502 725 1546 habet
746 1505 1037 1549 nobilitatem
1058 1523 1070 1559 3
1094 1519 1169 1549 nec
1189 1506 1339 1548 multo
1359 1506 1460 1549 lon-

8 1636 12 1643 ·
62 1627 222 1664 maces,
252 1615 478 1658 veteribus
502 1626 798 1674 paternorum
823 1619 1042 1663 faelicium
1063 1617 1320 1662 castrorum
1343 1619 1461 1662 refe·

0 1709 1 1714 ,
76 1670 299 1727 operibus,
328 1672 467 1729 copiis
486 1671 700 1715 omnibus
720 1670 804 1717 suis
825 1676 1077 1735 occupavit.
1134 1677 1320 1724 LVIII.
1352 1675 1460 1718 Cae-

5 1739 9 1750 ²
73 1737 219 1783 quum
251 1726 308 1769 ab
341 1726 470 1770 hoste
500 1727 645 1772 millia
664 1730 878 1787 pass‘uum
899 1746 925 1774 v
947 1730 1093 1775 castra
1108 1729 1322 1791 posuisset
1347 1745 1360 1783 ;
1385 1730 1459 1773 vi-

50 1793 172 1839 tque
190 1796 258 1827 eas
281 1783 429 1835 valles,
459 1783 766 1843 quibusrregia
801 1786 946 1830 castra
967 1788 1269 1838 munirentur,
1297 1786 1459 1830 eodem

0 1834 4 1842 '
58 1839 200 1882 rvallo
223 1842 300 1881 sua
313 1839 458 1882 castra
483 1841 741 1884 munituras
763 1857 775 1895 3
806 1842 836 1885 fi
857 1843 998 1886 modo
1013 1857 1063 1887 ea
1083 1843 1180 1887 loca
1198 1842 1347 1885 hostes
1368 1845 1459 1901 pri·

89 1908 178 1937 non
218 1892 444 1950 cepissent,
472 1908 570 1949 quae
592 1895 744 1939 multo
766 1911 892 1941 erant
913 1900 1129 1957 propiora
1150 1900 1262 1955 regis
1283 1897 1453 1949 castris,

59 1963 164 1993 rem
202 1952 487 2008 comportari
514 1951 642 2002 jubet
665 1953 786 1997 intra
809 1956 1098 2000 munitiones.
1158 1958 1268 2012 Quo
1305 1954 1460 1998 celeri-

70 2006 228 2061 ollam,
258 2008 469 2061 proxima
490 2006 634 2059 nodie,
664 2009 824 2066 vigilia
859 2023 1040 2065 quarta,
1073 2011 1330 2069 legionibus
1352 2025 1458 2053 om-

126 2062 364 2121 expeditis‚
396 2064 819 2120 impedimentisque
843 2067 888 2109 in
909 2066 1068 2110 castris
1089 2066 1272 2119 tenetis,
1303 2067 1461 2126 prima

61 2150 77 2173 ,
102 2118 241 2174 fieque
263 2118 557 2177 opinantibus
577 2117 805 2174 hostibus,
834 2137 937 2165 eum
972 2123 1119 2179 ipsum
1143 2124 1299 2167 locum
1325 2124 1463 2178 ceplt,

64 2189 123 2218 uo
144 2175 441 2219 Mithridates
464 2175 705 2219 secundum
733 2178 951 2233 proelium
986 2180 1192 2223 adversus
1209 2181 1456 2222 Triarium

91 2298 255 2344 ageret,
303 2286 465 2343 juffit3
525 2302 577 2331 ne
625 2289 726 2344 quis
761 2290 818 2333 ab
851 2305 986 2350 opere
1019 2292 1148 2335 miles
1185 2291 1461 2340 discederet;

55 2347 105 2385 'm
126 2344 270 2401 spatio
292 2357 383 2385 non
405 2343 603 2401 amplius
636 2362 678 2385 00
702 2344 906 2403 passuum
930 2348 1138 2391 intercisa
1160 2348 1289 2391 vallis
1311 2347 1458 2390 castra

68 2397 166 2441 ium
202 2398 429 2442 divideret
470 2400 526 2442 ab
565 2412 694 2455 opere
733 2401 937 2457 incoepto
973 2404 1170 2448 Caesaris
1192 2402 1460 2446 castrorum.

79 2484 90 2495 .
120 2453 382 2506 Pharnaces,
415 2466 570 2515 quum·
598 2456 642 2499 id
662 2470 843 2515 repente
867 2459 1035 2516 prima,
1052 2460 1149 2503 luce
1170 2457 1461 2503 animadver-

61 2518 97 2562 t,
125 2511 273 2566 copias
307 2511 402 2554 suas
424 2525 578 2554 omnes
613 2527 697 2570 pro
718 2514 874 2558 castris
894 2516 1117 2558 instruxit
1141 2534 1153 2572 ;
1184 2528 1293 2569 quas
1318 2516 1461 2558 inter-

55 2580 108 2618 <a
142 2576 272 2610 tanta
307 2567 515 2610 locorum
555 2568 818 2625 iniquitate,
853 2572 1174 2615 consuetudine
1197 2571 1341 2630 magis
1362 2584 1462 2629 per-

56 2640 66 2671 :
104 2632 151 2665 ta
176 2623 368 2667 militari
385 2623 593 2667 credebat
618 2624 782 2669 instrui
808 2626 974 2678 Caesar,
1004 2628 1074 2672 vel
1092 2628 1147 2672 ad
1187 2641 1298 2685 opus
1323 2627 1461 2671 suum

58 2676 251 2739 landum,
280 2693 372 2734 quo
396 2679 544 2738 plures
563 2680 610 2723 in
633 2681 772 2725 armis
789 2691 1064 2735 tenerentur,
1095 2683 1167 2728 vel
1187 2686 1242 2729 ad
1265 2681 1463 2727 ostenta·

72 2748 132 2781 m
152 2737 284 2793 regiae
313 2734 513 2789 fiduciae,
542 2750 595 2779 ne
644 2738 900 2781 munitione
931 2740 1091 2801 magis,
1138 2751 1280 2797 quam
1318 2752 1463 2783 manu

60 2789 192 2852 ndei-e
222 2791 378 2839 locum
415 2792 666 2838 Pharnaces
707 2792 951 2844 videretur.
1052 2799 1214 2854 Itaque
1262 2794 1459 2846 deta-rie

47 24 403 148 ‚xj-bru
432 72 618 127 LLo
660 72 1180 131 ALEXAND.
1327 75 1445 132 ιω
1488 129 1491 132 ,

54 393 109 424 ,ιε
147 381 282 425 dona,
311 394 409 435 quae
447 382 554 424 bene
590 380 721 424 rebus
759 381 893 445 gestis
914 384 1205 441 imperatores
1224 385 1281 429 ab
1300 388 1456 434 amicis
1497 411 1503 413 >

46 1585 55 1593 2
99 1556 303 1602 millibus
338 1556 544 1613 passuum
582 1575 654 1602 111
702 1561 827 1605 abest
849 1562 907 1606 ab
935 1562 1080 1606 Ziela.
1140 1563 1279 1605 Hunc
1301 1561 1458 1606 locum
1520 1615 1523 1616 ⁷

57 2241 140 2275 rat.
184 2233 293 2275 Huc
313 2245 497 2274 omnem
517 2245 803 2287 comportare
821 2249 1026 2293 aggerem
1048 2234 1069 2278 ὲ
1090 2236 1241 2280 castris
1260 2236 1474 2286 servitia„

66 2875 111 2915 5„
1383 2860 1476 2903 tus.

1514 10 1607 79 ’δή
