1648 3036
470 42 523 102 L
570 44 601 104 Ῑ
643 45 690 106 B
732 48 784 108 E
828 49 884 109 R
969 51 1050 112 ΙΙ.
1403 82 1475 142 23

0 121 247 169 :onsultum
281 125 475 182 dicebat,
528 141 687 176 utrum
723 134 820 190 igni
853 136 1013 181 statim
1051 150 1304 196 necaretur,
1344 159 1400 189 an
1431 150 1482 192 in

0 181 112 224 aliud
138 192 317 242 tempus
349 188 673 233 reservaretur:
710 191 907 236 sortium
940 195 1156 240 beneficio
1174 199 1214 241 se
1243 199 1327 244 esse
1358 204 1484 247 iuco-

3 249 170 281 umem.
204 242 322 283 Item
347 245 416 285 M.
439 246 636 288 Mettius
655 258 870 305 repertus,
903 250 953 293 ὃς
974 252 1029 294 ad
1047 266 1150 295 eum
1165 255 1374 301 redue‘ius
1393 261 1481 305 est.

0 295 137 337 (LII.
172 297 273 338 Hoc
302 298 472 356 proelio
494 311 617 344 trans
642 305 858 348 Rhenum
880 308 1113 362 nunciato,
1146 312 1291 364 Saevi,
1316 316 1392 369 qui
1418 318 1479 360 ad

0 350 100 406 ipas
138 351 288 394 Rheni
326 367 556 410 venerant,
602 357 796 404 domum
850 364 1015 406 reverti
1053 379 1321 424 coeperunt;
1366 385 1482 425 quos

0 404 114 458 leii,
145 409 223 461 qui
247 410 455 465 proxime
480 414 691 460 Rhenum
726 417 951 471 incolunt,
982 423 1242 478 perterritos
1272 425 1482 483 insecuti,

0 475 204 520 magnum
240 478 294 507 ex
326 465 393 509 his
413 482 654 513 numerum
687 473 969 519 occiderunt.
1019 478 1170 522 Caesar
1202 495 1291 523 una
1309 482 1479 537 testate,

0 516 164 562 luobus
198 521 410 566 maximis
449 523 570 569 bellis
604 529 833 583 confec'iis,
863 533 1089 578 maturius
1134 538 1303 594 paullo,
1335 553 1475 593 quam

0 587 160 634 empus
190 578 298 619 anni
327 579 607 637 postulabat,
652 585 697 627 in
734 585 925 631 hiberna
961 588 1008 630 in
1048 591 1271 645 Sequanos
1309 596 1480 639 exerci-

0 643 87 673 :um
107 630 300 675 deduxit
321 654 333 691 3
365 636 564 681 hibernis
587 641 844 685 Labienum
877 643 1149 703 praeposuit:
1182 650 1271 707 ipse
1303 651 1350 692 in
1369 651 1479 708 cite}

0 686 150 731 riorem
186 689 393 736 Galliam
424 693 481 738 ad
513 708 758 741 conventus
790 699 985 757 agendos
1007 703 1332 761 profediusest.

427 896 842 963 LIBER
923 907 1004 967 II.

192 1027 322 1070 Uum
339 1024 444 1071 esset
464 1029 622 1075 Caesar
642 1031 689 1074 in
709 1032 914 1080 citeriore
935 1038 1091 1084 Gallia
1109 1039 1156 1083 in
1175 1038 1389 1099 hibernis,
1407 1044 1476 1090 ita

220 1084 290 1126 uti
315 1084 360 1126 su
400 1099 447 1128 ra
467 1084 895 1145 demonstravimus,
927 1096 1070 1146 crebri
1104 1096 1160 1140 ad
1186 1112 1291 1140 eum
1312 1113 1476 1144 rumo-

219 1153 329 1183 resa
373 1140 630 1197 erebantur‚
650 1144 904 1203 litterisque
942 1152 1056 1194 item
1096 1152 1288 1197 Labieni
1308 1159 1477 1200 certior

1 1190 139 1247 lebat,
169 1210 324 1241 omnes
357 1197 529 1255 Belgas,
568 1214 708 1255 quam
742 1207 929 1248 tertiam
967 1206 1049 1252 effe
1090 1208 1258 1254 Galliae
1294 1224 1471 1268 partem

2 1250 256 1305 fixeramus,
284 1266 442 1297 contra
472 1256 698 1313 populum
731 1263 791 1303 R.
812 1263 1081 1318 conjurare3
1109 1266 1370 1323 obfidesque
1395 1270 1475 1312 'in-

2 1319 46 1349 er
81 1309 123 1352 se
160 1308 282 1351 dare.
333 1310 627 1365 Coniurandi
657 1312 734 1358 has
771 1315 852 1360 effe
871 1318 1069 1364 caussas:
1100 1324 1326 1380 primum,
1346 1325 1475 1379 quod

2 1374 253 1417 ererentur,
282 1379 353 1418 ne,
380 1369 511 1410 omni
546 1380 704 1427 pacata
743 1374 915 1428 Gallia,
945 1375 1003 1419 ad
1040 1391 1112 1421 eos
1150 1380 1368 1424 exercitus
1391 1395 1475 1425 no-

2 1426 67 1464 ter
98 1420 430 1467 adduceretur:
461 1424 624 1476 deinde
646 1425 770 1481 quod
789 1429 848 1474 ab
876 1434 1107 1479 nonnullis
1129 1436 1280 1480 Gallis
1310 1436 1476 1482 sollici-

2 1489 198 1532 arentur,
230 1479 401 1537 partim
436 1481 518 1536 qui
559 1485 815 1530 Germanos
837 1486 1016 1534 diutius
1037 1490 1086 1532 in
1120 1491 1282 1536 Gallia
1304 1495 1474 1539 versari

0 1532 161 1587 «nuent,
195 1534 262 1577 ita
278 1536 439 1594 populi
464 1541 522 1582 R.
542 1541 793 1585 exercitum
811 1543 1009 1590 hiemare
1030 1556 1165 1602 atque
1182 1549 1473 1593 inveterasce-

1 1602 23 1634 4ἐ
57 1591 103 1634 in
129 1590 284 1635 Gallia
305 1592 496 1636 moleste
516 1594 752 1641 ferebant:
798 1601 972 1659 partim
1011 1605 1090 1658 qui
1124 1605 1386 1651 mobilitate
1420 1608 1472 1656 ὅς’,

6 1646 161 1691 {vitate
190 1648 334 1691 animi
390 1651 521 1693 novis
556 1652 761 1711 imperiis
814 1655 1094 1703 studebant:
1147 1661 1205 1704 ab
1241 1665 1472 1708 nonnullis

9 1702 132 1755 tiam,
164 1704 286 1759 quod
322 1704 369 1747 in
391 1707 547 1750 Gallia
569 1706 596 1750 εὶ
630 1713 981 1769 potentioribus,
1029 1728 1165 1772 atque
1197 1716 1267 1771 iis,
1300 1721 1380 1777 qui
1410 1722 1469 1764 ad

0 1758 285 1803 londucendos
302 1760 510 1806 homines
528 1762 766 1811 facultates
786 1769 1032 1824 habebant,
1064 1772 1207 1832 vulgo
1229 1787 1365 1834 regna
1394 1791 1473 1820 oc-

0 1815 273 1874 tapabantu13
306 1819 386 1873 qui
405 1820 556 1862 minus
579 1821 712 1866 facile
728 1838 825 1868 eam
849 1840 943 1870 rem
969 1827 1165 1887 imperio
1182 1830 1342 1873 nostro
1364 1847 1471 1876 con-

17 1875 94 1927 qui
131 1884 357 1932 poterant.
421 1879 484 1919 II.
520 1877 578 1920 Iis
599 1880 774 1925 nunciis
792 1880 1041 1939 litterisque
1072 1897 1330 1929 commotus
1363 1890 1474 1932 Cec-

5 1941 46 1971 ir
73 1927 183 1973 duas
209 1929 400 1988 legiones
421 1930 467 1973 in
501 1933 710 1980 citeriore
749 1938 905 1983 Gallia
937 1954 1075 1984 novas
1106 1942 1386 2003 conscriplit‚
1417 1947 1471 1990 δε

4 1984 91 2029 mita
123 1985 278 2030 aestate
298 1987 346 2029 in
365 1988 632 2033 interiorem
655 1993 882 2048 Galliam,
911 1998 989 2052 qui
1007 1997 1264 2054 deduceret,
1307 2002 1366 2058 Q
1387 2003 1472 2044 Pe-

13 2041 106 2084 ium
137 2040 340 2101 legatum
365 2043 504 2088 mifit.
537 2048 634 2107 Ipse
652 2063 798 2105 quum
820 2052 1023 2109 primum
1047 2055 1204 2114 pabuli
1227 2059 1355 2114 copia
1387 2057 1472 2103 effe

9 2097 208 2158 iciperet,
239 2098 295 2142 ad
333 2102 583 2146 exercitum
618 2108 759 2150 venit.
811 2112 906 2152 Dat
938 2112 1174 2169 negotium
1210 2113 1476 2170 Senonibus,

6 2154 248 2212 „liquisque
287 2158 451 2211 Gallis,
480 2160 560 2214 qui
594 2159 786 2207 finitimi
812 2165 958 2224 Belgis
990 2178 1134 2220 erant,
1164 2171 1236 2212 uti
1268 2183 1335 2223 ea,
1370 2185 1472 2225 quae

36 2211 96 2256 ud
116 2225 189 2256 eos
220 2225 451 2271 gerantur,
482 2218 781 2316 cofinoscant:
813 2221 945 2278 seque
976 2223 1039 2267 de‘
1067 2224 1136 2268 his
1158 2226 1290 2269 rebus
1309 2228 1475 2271 certio-

6 2279 73 2311 em
107 2267 293 2313 faciant.
343 2272 412 2314 Hi
447 2284 530 2314 con
577 2286 704 2318 anter
738 2290 894 2322 omnes
928 2280 1260 2325 nunciaverunt
1307 2298 1472 2329 manus

33 2325 95 2382 gi,
124 2325 375 2369 exercitum
413 2326 460 2369 in
483 2342 630 2373 unum
651 2331 806 2376 locum
844 2334 1052 2379 conduci.
1083 2338 1215 2380 Tum
1247 2338 1356 2382 verb
1383 2339 1474 2383 du-

13 2379 221 2425 itandum
237 2396 328 2425 non
347 2383 649 2440 existimavit,
678 2389 788 2443 quin
805 2390 862 2432 ad
882 2404 955 2434 eos
972 2391 1248 2437 duodecimo
1274 2394 1348 2438 die
1362 2409 1474 2454 pro-

16 2435 256 2482 cisceretur.
287 2441 356 2484 Re
373 2438 675 2488 frumentaria
691 2445 885 2504 provisa,
918 2448 1065 2493 castra
1086 2462 1259 2504 movet,
1294 2451 1475 2496 diebus-

13 2506 68 2537 ue
98 2494 278 2539 circiter
309 2508 369 2539 xv
388 2494 444 2540 ad
465 2493 575 2543 fines
596 2501 839 2559 Belgarum
855 2506 1078 2563 pervenit.
1112 2509 1206 2550 ΙΙΙ.
1241 2510 1306 2551 Eo
1323 2524 1470 2564 quum

16 2561 38 2591 e
70 2548 332 2610 improviso,
352 2552 623 2610 celeriusque
643 2559 857 2602 omnium
878 2561 1090 2620 opinione
1105 2561 1290 2608 venisset
1309 2578 1322 2616 ς
1343 2566 1472 2611 Rhe-

35 2604 66 2658 i,
91 2608 171 2662 qui
209 2609 411 2663 proximi
442 2612 609 2657 Galliae
642 2628 697 2659 ex
735 2617 882 2675 Belgis
912 2620 1033 2673 sunt,
1061 2619 1119 2662 ad
1151 2634 1255 2663 eum
1296 2620 1471 2678 legatos

11 2661 173 2719 ccium,
210 2664 261 2708 δε
294 2664 635 2727 Antebrogium
668 2671 841 2730 primos
868 2673 1068 2718 civitatis
1103 2675 1190 2719 suae
1209 2674 1431 2720 miserunt
1453 2693 1468 2721 ε

11 2717 61 2762 ui
93 2719 306 2776 dicerent,
338 2721 379 2765 se
413 2723 578 2779 suaque
607 2728 764 2771 omnia
788 2729 836 2772 in
867 2729 1006 2773 fidem
1028 2742 1162 2785 atque
1191 2732 1466 2789 potestatem

23 2774 142 2837 ⁴puli
159 2782 218 2826 R.
232 2778 499 2839 permittere
522 2798 533 2831 ς
562 2785 756 2842 nequest
775 2799 881 2832 cum
900 2787 1094 2847 reliquis
1114 2788 1257 2853 Belgis
1279 2790 1465 2891 εοίρῐέη-

1180 2857 1183 2860 ·
1349 2861 1370 2889 ει-
1409 2860 1429 2891 e
1446 2859 1467 2897 ⁶·
