1607 3036
100 35 218 89 DE
267 29 1143 93 BELLOAFRICAN«
1287 39 1409 114 28'7

43 136 80 173 1,
107 131 225 176 equo
241 118 453 170 admisso,
483 120 648 164 omiffis
665 121 879 165 omnibus
898 122 1043 174 rebus,
1072 121 1275 167 celeriter
1298 134 1406 185 per·

34 172 257 233 'Leptimg
292 175 443 229 ibique
468 189 690 231 moratus,
710 190 863 220 omnes
885 188 936 220 ut
955 178 995 221 se
1014 192 1145 221 naves
1166 180 1405 238 conseque-

35 248 75 288 τ,
122 233 322 286 primum
359 233 445 288 ipse
485 234 767 292 navigiolum
801 248 996 292 parvum
1035 236 1320 291 conscendit3
1352 240 1402 282 in

54 288 593 342 Aquilam-multitudine
613 289 901 345 navigiorum
919 292 1233 349 perterritum,
1264 306 1401 349 atque
1466 300 1471 349 j

47 348 201 389 ’antem
223 342 392 397 metus,
408 345 627 392 ‚hostium
648 346 827 390 class‘em
848 348 971 403 sequi
992 347 1146 406 coepit.
1208 353 1401 395 Interim.

30 414 47 447 s
81 400 305 442 celeritate
335 401 523 444 Caesaris
550 404 830 460 audaciaque
868 415 1040 460 motus,
1072 417 1173 446 cum
1196 407 1401 451 universa

29 488 41 510 ,
71 457 284 499 conversis
307 459 510 510 navibus,
540 458 853 502 Adrumetum
875 460 1022 502 versus
1043 456 1192 517 fugere
1215 472 1404 505 conten-

73 527 173 555 uem
193 512 346 556 Cael'ar
367 516 411 556 in
432 514 636 557 millibus
656 514 867 572 pass‘uum
890 530 943 558 xv
970 516 1245 570 consecutus,
1275 532 1400 561 recua

63 570 376 624 quinqueremi
398 584 500 613 cum
533 574 744 615 omnibus
763 574 848 615 suis
870 571 1074 631 epibatis,
1104 584 1238 627 atque
1257 575 1397 619 etiam

52 640 90 668 m
115 625 375 668 custodibus
411 629 589 670 CXXX
611 628 658 679 in
681 642 728 670 ea
747 642 859 671 nave
881 630 1034 687 captis,
1063 630 1294 672 triremem
1315 632 1399 674 ho-

66 683 344 737 proximam,
370 696 468 735 quae
504 684 552 725 in
587 684 877 744 repugnando
897 697 991 728 erat
1012 699 1314 737 commorata,
1346 699 1399 729 o-

31 753 75 781 m
96 739 319 795 remigum
343 740 719 797 epibatarumque
744 742 875 801 cepit.
936 742 1140 796 Reliquae
1164 757 1293 785 naves
1313 743 1401 787 ho-

33 793 36 799 '
69 797 452 852 promontorium
494 796 773 855 superarunt,
821 808 955 852 atque
997 800 1314 843 Adrumetum
1348 803 1398 844 in

58 865 156 893 nem
196 850 235 892 se
255 852 470 895 universa:
502 854 815 897 contulerunt.
877 855 1032 898 Caesar
1064 854 1223 898 eodem
1259 868 1398 900 vento

58 906 258 949 utorium
280 907 479 963 superare
500 922 587 951 non
609 910 762 967 potuit
783 925 796 962 ·‚
830 912 1024 967 atquein
1050 911 1145 954 salo
1162 911 1206 953 in
1229 914 1398 956 ancho—

48 961 175 1006 nodie
211 976 537 1019 commoratus,
559 968 704 1022 prima
726 966 825 1010 luce
861 968 1175 1011 Adrumetum
1198 970 1367 1013 accedit
1382 984 1402 1022 23

32 1025 37 1028 “
60 1018 251 1062 navibus
271 1022 500 1075 onerariis,
517 1037 613 1076 quae
632 1035 759 1066 erant
780 1035 909 1067 extra
933 1024 1215 1079 Cothonem,
1245 1026 1396 1070 incen-

65 1075 286 1130 nibusque
305 1077 490 1133 reliquis
508 1079 610 1123 aliis
628 1091 710 1123 aut
741 1079 994 1133 subdueiis‘,
1021 1091 1102 1124 aut
1126 1080 1172 1122 in
1212 1081 1399 1126 Cotho-

32 1132 262 1191 ompulfis‚
297 1134 533 1192 paullisper
551 1147 880 1189 commoratus,
908 1136 939 1180 fi
963 1136 1081 1180 forte
1099 1136 1266 1180 vellent
1285 1140 1396 1183 clas-

44 1189 176 1241 icare,
204 1190 354 1232 rursus
375 1190 413 1232 se
435 1194 596 1248 recepit
617 1194 663 1235 in
684 1192 844 1237 castra.
880 1196 931 1235 In
952 1208 1000 1237 ea
1021 1207 1130 1237 nave
1149 1207 1302 1251 captus
1323 1195 1393 1241 est·

45 1238 180 1287 strius
214 1259 343 1301 eques
384 1251 631 1302 Romanus,
662 1249 710 1293 &
748 1254 796 1294 P.
840 1250 1045 1306 Ligarius
1084 1249 1358 1297 Afranianus
1374 1268 1396 1307 -;

47 1301 203 1346 Cael'ar
223 1303 269 1344 in
293 1302 512 1359 Hispania
533 1319 637 1347 cum
660 1305 841 1361 reliquis
860 1306 1094 1349 dimilerat
1114 1323 1127 1349 .-
1160 1306 1207 1350 &
1233 1309 1388 1363 postea

85 1358 288 1415 mpeium
311 1360 601 1413 contulerat;
631 1362 737 1409 inde
775 1376 828 1405 ex
864 1365 1033 1421 proelio
1069 1361 1307 1421 effugerat,
1340 1369 1388 1410 i'n

42 1425 175 1471 mque
194 1415 249 1458 ad
270 1418 450 1460 Vatum
470 1428 666 1462 venerat.
725 1421 876 1475 Qiem
914 1420 974 1463 ob
1013 1421 1262 1475 perjurium
1283 1436 1388 1481 per—

43 1479 130 1528 que
152 1471 301 1515 Caesar
318 1471 439 1527 juffit
460 1475 620 1517 necari.
669 1478 717 1519 P.
743 1475 928 1519 Vestrio
948 1488 1119 1529 autem,
1138 1477 1268 1532 quod
1287 1481 1388 1531 ejus

62 1530 224 1571 Romae
267 1531 500 1584 pecuniam
521 1531 790 1587 imperatam
816 1543 1149 1581 numeraverat,
1184 1533 1232 1576 &
1257 1538 1385 1591 quod

36 1596 109 1626 am
132 1581 327 1628 caussam
346 1586 513 1629 Caesari
532 1588 821 1647 probaverat,
849 1589 889 1632 se
912 1588 1092 1634 Nafidii
1130 1590 1260 1634 class’e
1280 1606 1386 1650 cap-

91 1652 171 1681 um
207 1641 264 1684 ad
300 1655 450 1685 necem
473 1642 728 1698 duceretur,
760 1643 978 1689 beneficio
1001 1647 1113 1689 Vari
1134 1644 1385 1693 effestrva-

56 1693 177 1738 ostea
196 1695 459 1740 facultatem
483 1698 563 1742 fibi
583 1702 757 1745 nullam
779 1701 936 1745 datam
958 1701 1232 1752 transeundi,
1252 1707 1387 1763 igno·

32 1754 155 1796 ΝΠ.
179 1753 260 1796 Est
279 1754 324 1795 in
348 1755 504 1798 Africa
527 1756 1165 1811 consuetudo³-incolarum5ut
1185 1760 1231 1802 in
1249 1763 1386 1819 agris,

41 1808 223 1856 mnibus
246 1810 336 1853 fere
355 1811 473 1854 villis
495 1813 576 1857 sub
595 1824 714 1856 terra
734 1814 899 1870 specus,
921 1814 1144 1869 condendi
1162 1814 1384 1862 frumenti

32 1897 37 1915 .
58 1863 176 1909 'clam
197 1864 390 1910 habeant
412 1885 423 1923 3
452 1878 587 1924 atque
605 1869 649 1914 id
672 1884 854 1929 propter
872 1871 985 1915 bella
1005 1871 1385 1925 maxime,-h0sti-

31 1936 44 1966 ε
74 1922 276 1965 subitum
292 1924 824 1985 adventumspraeparent.
859 1930 963 1986 Qua
981 1928 1036 1971 de
1056 1942 1101 1970 re
1121 1928 1271 1972 Caesar
1292 1944 1386 1974 cer-

78 1977 272 2023 indicem
295 1979 455 2031 fabius,
488 1984 623 2025 tertia
659 1984 820 2040 vigilia
840 1984 1034 2042 legiones
1056 1998 1098 2027 11
1125 1998 1229 2026 curn
1251 1988 1383 2043 equi-

40 2036 141 2079 ittit
162 2032 186 2076 ὲ
207 2033 358 2080 castris
378 2038 465 2080 suis
488 2038 853 2095 milliar-passuum
879 2056 907 2083 x
927 2056 937 2092 3
972 2051 1109 2097 atque
1129 2041 1232 2083 iude
1254 2058 1382 2103 mag-

55 2102 132 2135 'ero
150 2090 372 2136 frumenti
390 2092 576 2137 onustos
596 2100 760 2153 recepit
777 2100 823 2141 in
842 2096 1002 2140 castra.
1051 2097 1231 2153 Quibus
1252 2101 1380 2144 rebus

44 2163 79 2204 s,
105 2148 345 2204 Labienus,
376 2149 628 2208 progress'us
660 2151 685 2195 a
706 2155 793 2198 suis
829 2154 985 2198 castris
1003 2155 1147 2200 millia
1166 2153 1378 2213 paffuum

58 2221 78 2249 ι·
97 2205 257 2260 jugum
277 2203 325 2248 δε
345 2207 519 2259 collem,
552 2219 629 2263 per
650 2224 786 2264 quem
820 2212 973 2255 Caesar
992 2212 1138 2269 pridie
1156 2213 1243 2254 iter
1261 2210 1375 2255 fece-

39 2259 215 2305 icastra
249 2259 448 2304 duarum
472 2262 705 2322 legionum
727 2268 838 2311 facit
862 2286 875 2323 ;
904 2278 1041 2324 atque
1060 2268 1126 2310 ibi
1152 2267 1241 2323 ipse
1262 2279 1378 2325 quo-

38 2316 274 2361 xistimans
306 2318 535 2363 Caesarem
571 2322 727 2365 eadem
761 2325 871 2383 saepe
892 2324 1208 2367 frumentandi·
1228 2326 1377 2381 gratia

48 2384 254 2428 atui-um,
283 2388 577 2435 cummagno
595 2380 817 2433 equitatu,
850 2379 1031 2436 levique
1048 2392 1284 2423 armatura
1304 2380 1379 2424 in-

38 2440 116 2473 ‘rus
140 2430 249 2474 locis
271 2431 442 2475 idoneis
467 2434 680 2478 consedit,
741 2436 899 2480 Caesar
916 2437 1103 2480 interim
1124 2439 1178 2480 de
1199 2434 1376 2482 insidiis

44 2484 127 2529 iex
141 2485 708 2548 *perfugis’certior-'‘fadiuffi
737 2507 902 2551 paucos
923 2491 1017 2535 dies
1039 2492 1102 2535 ib'i
1123 2507 1377 2537 commora-

52 2556 98 2587 m
124 2543 276 2589 hostes
305 2545 578 2600 ‘quotidiano
609 2546 843 2602 instituto,
871 2549 983 2606 saepe
1018 2548 1140 2592 idem
1165 2548 1372 2593 faciendo

41 2601 267 2658 ,igentiam
307 2600 656 2658 adducerentur,
688 2604 839 2648 subito
864 2620 994 2648 mane
1016 2606 1213 2663 imperat
1233 2618 1370 2662 porta

59 2656 344 2717 *naviesgiones
361 2659 401 2701 sc
423 2675 438 2703 i
454 2673 505 2702 ix
525 2671 755 2705 veteranas
777 2676 881 2704 cum
907 2673 1033 2717 parte
1059 2664 1293 2719 equitatus
1310 2663 1375 2705 se-

36 2721 157 2767 tque,
185 2714 416 2769 equitibus
439 2716 686 2775 praemiffis,
716 2731 857 2773 neque
876 2719 1110 2776 opinantes
1132 2717 1374 2782 infidiam-

48 2778 91 2844 sso
109 2770 159 2816 in
176 2770 455 2820 convassibus
487 2771 674 2819 latentes
694 2772 785 2822 levi
801 2785 1037 2821 armatura
1069 2774 1266 2821 concidit
1282 2775 1368 2839 cir-

83 2837 87 2841 ·
121 2840 148 2857 ‘—
679 2834 682 2839 '
999 2858 1004 2861 -
1250 2842 1369 2878 <iter
