1648 3036
336 103 337 106 η
437 52 491 116 L
535 55 565 116 Ι
606 54 655 115 Β
695 55 747 116 Ε
790 55 848 116 R
929 51 1004 116 V.
1382 71 1466 134 57

31 153 133 187 ones
151 139 394 191 duxerant,
423 142 638 187 omnibus
656 158 816 188 eorum
849 145 967 204 agris
986 141 1190 197 vastatis,
1216 140 1465 191 frumentis

35 197 169 251 ccifis,
193 196 480 255 aedificiisque
516 200 717 253 incenfis,
746 202 868 257 quod
911 202 1113 261 Menapii
1147 214 1307 259 omnes
1338 202 1379 245 se
1413 203 1462 247 in

39 254 247 298 nfiffimas
284 254 416 300 silvas
436 255 722 310 abdiderant,
753 257 811 302 ad
849 258 1075 301 Caesarem
1113 259 1151 301 se
1185 267 1465 314 receperunt.

29 312 133 354 aesar
151 312 196 353 in
217 311 360 369 Belgis
382 313 595 356 omnium
617 314 854 372 legionum
873 314 1060 358 hiberna
1081 312 1335 357 constituit.
1390 317 1461 358 Eo

46 381 80 411 α’.
103 367 295 410 omnino
313 369 520 412 civitates
541 384 595 413 ex
615 372 848 414 Britannia
871 369 1044 413 obfides
1079 371 1324 414 miserunt:
1355 371 1462 413 reli-

46 436 80 468 κ
98 421 403 481 neglexerunt.
465 427 555 468 His
575 427 704 469 rebus
728 427 874 484 gestis,
894 440 947 469 ex
970 427 1133 472 litteris
1154 426 1346 471 Caesaris
1366 425 1462 470 die-

38 493 81 522 m
98 494 163 528 ,xx
181 478 454 539 supplicatio
475 479 501 525 ὲ
522 483 674 526 senatu
692 483 870 528 decreta
889 482 970 527 est.

394 686 811 749 LIBER
893 687 965 749 V.

148 816 268 862 Ucio
300 820 532 875 Domitio,
562 821 652 877 Ap.
675 817 883 863 Claudio
906 819 1034 863 com
1056 817 1279 863 discedens
1299 818 1357 862 ab
1386 816 1461 862 hi·

179 875 326 919 bernis
350 877 505 920 Caesar
525 878 574 921 in
597 876 803 928 Italiam,
832 888 888 920 ut
907 877 1149 930 quotannis
1168 875 1309 920 facere
1328 873 1461 918 insti-

111 926 143 976 J
175 941 343 983 tuerat,
372 932 532 990 legatis
553 933 764 992 imperat,
783 947 894 987 quos
912 932 1169 990 legionibus
1185 931 1462 991 praefecerat,

25 986 427 1045 iquampiurimas
449 988 623 1049 poffent
661 989 807 1032 hieme
837 1004 969 1034 naves
1002 986 1304 1042 aedificandas,
1336 1000 1462 1029 vete-

19 1043 118 1098 sque
156 1044 416 1089 reficiendas
451 1059 674 1090 curarent.
733 1048 905 1090 Earum
928 1043 1138 1097 modum,
1166 1046 1460 1098 formamque

26 1099 267 1149 monstrat.
302 1102 377 1144 Ad
401 1102 677 1147 celeritatem
695 1103 930 1155 onerandi,
947 1100 1304 1155 subducstionesffl
1329 1099 1459 1158 paul-

34 1155 141 1199 facit
162 1157 449 1212 humiliores,
479 1171 623 1215 quam
641 1157 806 1213 quibus
824 1159 980 1203 nostro
1002 1157 1119 1201 mari
1139 1160 1207 1201 uti
1227 1156 1460 1199 consuevi-

20 1225 99 1264 us;
129 1224 261 1268 atque
280 1216 325 1257 id
346 1229 397 1256 eo
419 1216 577 1272 magis,
609 1214 753 1272 quod,
785 1227 969 1273 propter
985 1215 1159 1258 crebras
1193 1224 1456 1256 commuta-

34 1283 104 1312 nes
121 1269 336 1321 aestuum,
365 1274 514 1314 minus
542 1285 730 1330 magnos
757 1271 823 1316 ibi
843 1273 1008 1317 fludlus
1028 1271 1126 1314 fieri
1148 1281 1420 1327 cognoverat
1445 1287 1460 1325 3

33 1338 182 1380 onera,
199 1326 248 1370 &
269 1327 323 1369 ad
347 1327 698 1372 multitudinem
716 1327 1032 1378 jumentorum
1053 1324 1454 1382 transportandam.

22 1381 115 1432 ullo
135 1381 334 1435 latiores,
364 1399 502 1438 quam
525 1384 691 1439 quibus
727 1385 772 1427 in
805 1384 991 1438 reliquis
1016 1385 1198 1426 utimur
1231 1381 1457 1426 maribus.

17 1451 62 1487 as
77 1451 232 1483 omnes
255 1439 475 1484 adluarias
495 1443 688 1498 imperat
712 1439 811 1484 fieri
833 1458 843 1484 ε
875 1456 1013 1497 quam
1036 1439 1093 1483 ad
1130 1453 1226 1482 rem
1257 1439 1461 1483 humili·.

43 1494 250 1539 multum
277 1496 481 1550 adjuvat.
540 1501 623 1542 Ea,
653 1513 750 1552 quse
783 1499 885 1540 sunt
905 1497 1005 1540 usui
1023 1496 1081 1541 ad
1110 1495 1351 1539 armandas
1372 1509 1453 1538 na-

16 1565 50 1603 s,
75 1564 131 1593 ex
151 1552 373 1611 Hispania
394 1554 623 1611 apportari
642 1554 786 1605 jubet.
820 1555 931 1614 Ipse,
964 1552 1260 1598 conventibus
1281 1552 1450 1596 Galliae

10 1606 181 1654 terioris
213 1609 423 1666 peradiis,
449 1615 497 1656 in
525 1610 759 1664 Illyricum
783 1610 1099 1666 proficiscitur,
1127 1609 1247 1662 quod
1274 1606 1299 1650 εἰ
1322 1610 1452 1651 Piru-

10 1660 305 1712 ⁸&finitimam
326 1678 503 1725 partem
522 1668 763 1722 provinciae
784 1667 1111 1711 incursionibus
1131 1664 1300 1717 vastari
1319 1666 1453 1710 audi-

18 1729 78 1763 at.
135 1722 205 1764 Eo
227 1737 370 1776 quum
392 1724 594 1777 veniffet,
622 1724 888 1768 civitatibus
909 1724 1079 1769 milites
1095 1723 1290 1780 imperat
1310 1735 1322 1762 .-
1355 1736 1452 1765 cer-

19 1788 148 1830 mque
167 1778 390 1823 inlocum
412 1784 646 1825 convenire
665 1779 809 1837 jubet.
868 1784 974 1837 Qua
990 1795 1036 1824 re
1054 1779 1283 1829 nunciata,
1315 1780 1452 1823 Piru-

25 1878 30 1885 ,
57 1830 224 1890 legatos
243 1834 300 1880 ad
339 1851 442 1880 eum
479 1838 694 1887 mittunt,
719 1837 801 1891 qui
835 1834 1043 1891 doceant,
1069 1835 1188 1879 nihil
1205 1847 1362 1878 earum
1383 1849 1451 1879 re-

19 1889 268 1948 mpublico
289 1892 462 1937 fae‘tum
495 1892 715 1949 confili03
743 1893 911 1948 seseque
942 1903 1123 1953 paratos
1143 1893 1227 1936 effe
1256 1891 1450 1934 demon-

86 1955 122 1999 t,
149 1948 363 1993 omnibus
385 1950 638 1994 rationibus
659 1951 713 1994 de
734 1950 913 2003 iniuriis
933 1950 1197 1995 satisfacere.
1245 1948 1448 2006 Accepta

13 2000 160 2045 atione
177 2018 354 2057 eorum,
390 2007 546 2051 Caesar
571 2005 746 2051 obfides
778 2008 990 2063 imperat,
1018 2006 1174 2060 eosque
1191 2003 1248 2049 ad
1272 2016 1444 2049 certam

11 2058 267 2111 emadduci
308 2062 459 2116 jubet:
493 2063 573 2107 nifi
597 2065 664 2108 ita
699 2063 904 2117 fecerint,
934 2064 1017 2108 sese
1053 2064 1172 2108 bello
1206 2062 1446 2106 civitatem

14 2110 288 2172 &secuturum
311 2117 615 2175 demonstrat-s
669 2122 731 2165 Iis
749 2121 807 2164 ad
834 2122 957 2165 diem
973 2120 1196 2173 adduciis,
1225 2129 1279 2160 ut
1299 2120 1444 2177 impe-

10 2181 149 2225 mat,
187 2173 384 2219 arbitros
422 2177 539 2220 inter
559 2177 766 2221 civitates
799 2177 897 2233 dat,
940 2179 1021 2233 qui
1042 2178 1174 2221 litem
1195 2175 1443 2229 aestiment,

38 2239 231 2285 namque
264 2232 562 2277 constituant.
622 2237 690 2278 ΙΙ.
721 2233 808 2278 His
828 2234 1040 2278 confecstis
1077 2234 1226 2284 rebus,
1254 2245 1447 2277 conven-

106 2297 159 2328 ue
177 2287 380 2345 peradlis‚
408 2289 457 2332 in
487 2289 743 2333 citeriorem
781 2292 989 2336 Galliam
1013 2292 1272 2341 revertitur,
1302 2299 1444 2346 atque

33 2382 35 2385 ,
73 2340 129 2384 ad
150 2344 397 2388 exercitum
420 2343 733 2400 proficiscitur.
793 2349 864 2391 Eo
882 2362 1025 2402 quum
1047 2344 1252 2397 venisset,
1278 2347 1446 2392 circui-

30 2397 241 2444 omnibus
261 2399 475 2451 hibernis,
506 2401 724 2458 singulari
763 2403 971 2466 miliqirn
993 2402 1162 2456 studio,
1193 2404 1240 2447 in
1263 2402 1442 2449 summa

21 2489 26 2494 ·
53 2464 105 2502 ,m
123 2458 334 2500 omnium
354 2458 521 2514 inopia,
550 2461 729 2504 circiter
760 2463 805 2504 D
828 2461 874 2505 C
894 2461 989 2516 ejus
1009 2461 1196 2519 generis,
1225 2460 1352 2514 cujus
1367 2462 1444 2504 su·-

36 2507 480 2567 .‚de.monstravimus,
510 2530 660 2570 naves,
689 2516 915 2574 &longas
936 2531 1086 2560 xxux
1118 2516 1294 2561 invenit
1326 2531 1438 2560 con-

20 2561 162 2631 WstaS,
187 2568 330 2625 neque*
356 2571 562 2615 multum
583 2571 726 2617 abesse
756 2572 841 2627 [ab
859 2574 937 2629 eo]
966 2575 1078 2630 quin
1107 2574 1260 2633 paucis
1278 2572 1438 2618 diebus

15 2633 112 2683 ,ρει
127 2625 317 2680 poss'ent.
375 2627 667 2673 Collaudatis
690 2631 939 2684 militibus,
968 2643 1104 2685 atque
1141 2632 1213 2681 iis,
1243 2631 1321 2686 qui
1361 2644 1439 2673 ne-

33 2724 43 2738 ,
88 2681 402 2737 praefuerant,
432 2686 544 2739 quid
579 2685 678 2729 fieri
696 2687 824 2741 velit,
853 2685 1090 2731 ostenditt
1122 2698 1260 2745 atque
1280 2701 1438 2731 omnes

49 2834 56 2841 r
125 2806 176 2843 m
194 2794 244 2840 in
261 2797 542 2849 Britanniam
572 2800 869 2857 transjed‘cum
889 2799 973 2848 esse
992 2814 1280 2863 cognoverat,
1308 2799 1438 2848 circi-

49 2869 66 2876 *
1364 2866 1434 2900 ter

106 2741 379 2784 tum‘Itium
412 2743 651 2786 convenire
668 2744 827 2792 jubet:
858 2757 951 2799 quo
967 2759 1022 2788 ex
1056 2754 1194 2801 portu
1225 2757 1437 2788 commo·
1489 2755 1491 2758 ·
1560 2747 1562 2749 ’
