1648 3036
49 74 134 147 '14
298 64 426 122 DE
471 51 811 115 BELLo
853 0 1334 104 GALLICO'

37 159 201 209 verbis
237 147 566 201 confirmavit:
608 139 916 203 pollicitusque
951 130 1017 177 est
1053 126 1140 174 fibi
1176 140 1277 171 eam
1317 136 1414 169 rem
1436 130 1554 166 curae

51 224 300 268 suturam:
336 216 572 265 ⁴magnam
604 205 645 244 se
682 197 844 242 habere
882 194 1022 250 spem,
1059 187 1109 230 ὅ(
1140 180 1360 228 beneficio
1375 179 1472 232 suo,
1502 176 1556 220 ὃς

55 273 331 324 auc‘ioritate
365 260 620 308 adduc-lum
655 249 970 302 Ariovistum,
1021 241 1162 289 finem
1198 239 1379 296 injuriis
1409 232 1561 279 facstu·

58 348 192 380 rum.
239 326 391 372 XXV.
424 322 525 364 Hac
564 313 769 359 oratione
789 306 965 358 habita,
994 297 1237 345 concilium
1256 291 1447 339 dimisit.
1497 291 1561 334 Et
1590 322 1595 327 ,

59 386 307 435 secundnm
342 393 392 422 ea
424 373 584 418 multae
622 383 684 412 res
718 380 820 410 eum
844 359 1164 408 hortabantur,
1192 364 1330 408 quare
1353 348 1436 394 fibi
1456 359 1560 389 eam

64 462 164 494 rem
185 435 477 500 cogitandam
501 431 549 474 &
568 421 893 484 suscipiendam
917 425 1114 477 putaret.
1148 407 1404 467 Imprimis,
1433 399 1561 458 quod

64 502 259 553 AEduos,
303 493 465 539 fratres
502 478 939 540 consanguineosque
973 473 1278 530 sazpenumero
1317 462 1374 507 ab
1407 464 1566 504 senatu

64 557 330 623 appellatos,
359 549 407 592 in
427 544 641 588 servitute
660 550 795 592 atque
831 534 877 577 in
899 530 1076 574 ditione
1094 523 1279 568 videbat
1313 521 1567 562 Germano-

67 631 175 663 rum
212 606 387 658 teneri3
419 610 664 651 eorumque
698 588 873 638 obfides
895 585 980 632 esse
1015 580 1138 644 apud
1176 572 1487 624 Ariovistum,
1517 582 1571 614 ac

71 678 297 729 Sequanos
336 656 644 716 intelligebat:
679 647 803 706 quod
840 647 885 690 in
921 652 1052 688 tanto
1072 634 1267 696 imperio
1285 630 1448 692 populi
1477 632 1575 672 Ro-

73 728 203 777 mani
224 718 533 781 turpiffimum
555 709 707 754 fibi&
732 700 947 762 Reipubl.
966 697 1051 743 esse
1078 691 1408 740 arbitrabatur.
1439 682 1574 730 Paul-

72 787 212 834 latim
257 789 412 825 autem
433 773 695 815 Germanos
727 759 1003 806 consuescere
1035 753 1254 798 Rhenum
1289 743 1494 793 transire,
1523 739 1577 784 &

74 850 127 892 in
147 838 359 887 Galliam
392 840 605 886 magnam
630 834 792 867 eorum
816 811 1171 862 multitudinem
1206 803 1374 855 venire,
1403 797 1580 860 populo

76 908 299 949 Romano
335 882 638 951 periculosum
670 875 892 922 videbat:
925 882 1066 924 neque
1105 863 1191 909 fibi
1222 860 1428 904 homines
1461 857 1582 902 feros

78 972 130 1005 ac
163 953 381 1000 barbatos
401 947 733 1000 temperaturos
752 926 1066 976 existimabat,
1095 921 1206 977 quin
1227 929 1372 972 quum
1394 923 1585 958 omnem

83 1013 292 1063 Galliam
316 999 614 1059 occupaffent,
633 1003 688 1035 ut
706 1001 811 1036 ante
835 983 1041 1036 Cimbri,
1057 974 1354 1028 Teutonique
1372 968 1590 1020 feciffent‚

82 1076 133 1120 in
168 1062 455 1130 provinciam
487 1054 681 1105 exirent,
726 1058 860 1102 atque
893 1041 997 1086 inde
1033 1039 1081 1082 in
1119 1032 1305 1080 Italiam
1343 1025 1587 1071 contende·

85 1139 189 1176 rent
210 1140 223 1179 3
242 1114 490 1182 praesertim
511 1122 654 1167 quum
679 1107 901 1160 Sequanos
920 1097 945 1141 ὲ
963 1094 1201 1156 provincia
1221 1086 1376 1131 nostra
1396 1082 1590 1129 Rhoda-

87 1200 190 1239 nus,
204 1176 446 1225 divideret.
463 1167 644 1225 Quibus
665 1163 797 1206 rebus
815 1150 1232 1214 quammaturrime
1255 1138 1590 1190 occurrendum

91 1239 307 1306 putabat.
341 1231 440 1290 Ipse
469 1236 627 1271 autem
667 1214 932 1262 Ariovistus
967 1220 1124 1253 tantus
1146 1204 1230 1249 fibi
1261 1200 1460 1262 spiritus,
1489 1206 1594 1239 tan·-

94 1313 193 1344 tam
232 1287 547 1347 arrogantiam
572 1277 842 1335 sumpserat,
880 1281 935 1313 ut
969 1263 1180 1311 ferendus
1221 1275 1312 1305 non
1345 1254 1597 1299 videretur.

96 1356 277 1403 XXVI.
309 1339 629 1404 Quamobrem
661 1331 835 1392 placuit
855 1328 911 1380 ei,
941 1335 996 1368 ut
1031 1322 1087 1366 ad
1110 1316 1401 1364 Ariovistum
1424 1311 1597 1366 legatos

99 1413 320 1458 mitteret,
349 1401 430 1457 qui
465 1397 523 1443 ab
541 1407 595 1438 eo
627 1388 929 1449 postularent,
960 1392 1013 1425 ut
1033 1378 1234 1432 aliquem
1272 1375 1427 1418 locum
1451 1364 1600 1410 medi·

100 1484 184 1515 um
223 1460 457 1515 utriusque
490 1447 720 1503 colloquio
755 1443 1004 1500 deligeret:
1036 1434 1147 1480 velle
1187 1432 1271 1477 sese
1299 1429 1360 1471 de
1394 1429 1509 1482 Rep.
1548 1420 1601 1465 δε

101 1522 294 1570 fummis
326 1511 561 1567 utriusque
593 1504 726 1549 rebus
762 1514 868 1544 cum
903 1511 955 1540 eo
974 1507 1116 1553 agere.
1148 1491 1205 1535 Ei
1227 1478 1607 1546 legationi‘Ario·

102 1579 251 1629 vistus
273 1570 532 1634 respondit:
565 1563 611 1627 Si
643 1560 754 1616 quid
790 1553 873 1617 ipsi
893 1552 921 1596 a
941 1551 1117 1597 Caesare
1151 1561 1263 1608 opus
1284 1542 1407 1593 esset,
1433 1535 1516 1581 sese
1545 1532 1607 1578 ad

107 1652 218 1686 eum
253 1641 504 1680 venturum
523 1616 684 1669 fuviffe:
717 1615 748 1661 fi
768 1611 881 1669 quid
899 1611 973 1655 ille
1002 1609 1045 1651 se
1061 1604 1188 1658 velit,
1217 1602 1353 1647 illum
1376 1593 1436 1640 ad
1456 1593 1496 1637 se
1531 1603 1610 1635 ve·

110 1697 213 1743 nire
252 1697 463 1752 oportere
482 1699 495 1727 τ
525 1686 741 1742 praeterea
757 1673 798 1715 se
816 1681 957 1724 neque
978 1664 1067 1709 fine
1085 1662 1285 1706 exercitu
1303 1658 1351 1700 in
1371 1667 1441 1697 eas
1457 1657 1627 1711 partes¹

111 1743 456 1799 Galliae—venire
493 1736 675 1785 audere,
706 1742 816 1786 quas
837 1725 992 1771 Caesar
1025 1717 1277 1781 poffideret,
1305 1719 1447 1765 neque
1487 1718 1614 1750 exer-

115 1812 266 1856 citum
299 1803 389 1848 fine
419 1807 588 1853 magno
605 1796 883 1837 commeatu,
911 1792 1048 1835 atque
1067 1776 1344 1820 molimento
1379 1769 1426 1810 in
1464 1774 1627 1807 unum*

117 1870 278 1914 locum
311 1853 574 1920 contrahere
606 1844 761 1906 posse:
794 1840 876 1886 fibi
912 1848 1066 1882 autem
1104 1833 1277 1877 mirum
1309 1821 1473 1874 videri,
1502 1815 1623 1875 quid!

121 1927 174 1970 in
198 1921 276 1965 sua
297 1913 469 1964 Gallia,
499 1919 640 1963 quam
664 1901 782 1946 bello
800 1894 988 1948 vicisset,
1007 1903 1087 1937 aut
1112 1885 1299 1937 Caesari,
1327 1890 1408 1927 aut
1430 1876 1625 1922 omnino«

125 1977 304 2042 populo
341 1977 401 2017 R.
420 1965 596 2026 negotii
618 1958 739 2004 effer.
771 1956 860 2001 His
882 1950 1093 2011 responfis
1114 1945 1170 1989 ad
1195 1941 1426 1987 Caesarem
1447 1930 1623 1982 relatis,

122 2042 300 2086 iterum
332 2027 390 2074 ad
423 2038 529 2070 eum
553 2019 707 2067 Caesar
742 2014 913 2071 legatos
949 2021 1053 2051 cum
1087 2004 1157 2048 his
1179 1995 1407 2043 mandatis
1440 1987 1619 2036 mittit:

129 2090 374 2154 Qioniam
397 2092 530 2127 tanto
548 2080 628 2123 suo
660 2074 907 2134 populique
929 2069 989 2110 R.
1009 2058 1228 2105 beneficio
1247 2051 1449 2101 affedlus‚
1478 2057 1573 2101 quu

131 2154 186 2199 in
217 2142 457 2193 consulatu
473 2137 553 2180 suo
575 2150 670 2187 rex,
695 2141 830 2184 atque
851 2123 1023 2170 amicus
1048 2117 1074 2161 a
1095 2118 1250 2160 senatu
1283 2106 1531 2171 appellatus
1565 2099 1627 2143 es?

135 2211 234 2258 set3
262 2202 378 2246 hanc
413 2194 497 2241 fibi
516 2192 777 2254 populoque
806 2190 865 2230 R·
884 2178 1084 2239 gratiam
1107 2171 1309 2222 referret,
1341 2174 1394 2209 ut
1428 2163 1477 2206 in
1494 2157 1625 2203 collo*

140 2265 307 2322 quium
344 2255 495 2301 venire
516 2253 735 2296 invitatus
754 2246 1038 2300 gravaretur,
1066 2242 1208 2286 neque
1243 2225 1300 2269 de
1321 2215 1557 2266 communi
1587 2228 1622 2256 rc

139 2315 388 2370 dicendum
424 2309 509 2355 fibi
546 2308 595 2353 δε
629 2296 989 2361 cognoscendum
1029 2295 1249 2349 putaret3
1277 2281 1371 2325 haec
1404 2272 1508 2326 effe,
1535 2284 1595 2327 qu

147 2382 207 2426 ab
225 2389 277 2422 eo
294 2367 550 2433 postularet
574 2380 586 2409 z
615 2363 840 2422 primurn,
861 2366 914 2396 ne
936 2361 1074 2405 quam
1098 2337 1451 2388 multitudinem
1484 2328 1625 2374 homi-

147 2448 266 2483 num
295 2425 498 2484 amplius
515 2433 639 2467 trans
660 2415 878 2463 Rhenum
898 2410 944 2451 in
965 2402 1171 2447 Galliam
1204 2392 1540 2439 transduceret:
1573 2384 1626 2427 de

147 2493 258 2540 inde
289 2483 486 2531 obfides-,
508 2492 620 2534 quos
643 2474 828 2519 haberet
865 2466 923 2510 ab
944 2459 1121 2510 AEduis,
1149 2452 1384 2501 redderet:
1418 2440 1628 2500 Sequanis

156 2562 244 2605 que
281 2540 583 2601 permitteret,
612 2543 683 2586 ut,
698 2540 811 2585 quos
831 2524 897 2568 illi
915 2518 1150 2566 haberent,
1177 2509 1418 2555 voluntate
1434 2493 1628 2557 eius-red.

158 2609 266 2650 dere
281 2600 369 2644 illis
402 2597 586 2640 liceret:
618 2600 728 2632 neve
770 2581 941 2627 AEduos
975 2571 1148 2626 injuria
1180 2563 1423 2612 lacesseret,
1451 2567 1559 2601 neve
1579 2553 1624 2597 h·

159 2661 343 2706 sociisve
374 2664 534 2698 eorum
554 2645 724 2690 bellum
742 2641 958 2685 inferret:
992 2629 1024 2675 fi
1046 2628 1094 2672 id
1117 2621 1302 2674 fecisset,
1330 2615 1430 2669 fibi,
1459 2608 1626 2676 populo

163 2730 251 2774 que
287 2720 349 2760 R.
370 2717 634 2770 perpetuam
656 2698 854 2759 gratiam
872 2701 1007 2746 atque
1028 2683 1288 2730 amicitiam
1304 2688 1409 2719 cum
1440 2685 1494 2714 eo
1527 2669 1626 2713 futu

164 2788 267 2820 ram
289 2785 301 2814 :
336 2767 370 2812 fi
391 2779 484 2808 non
521 2763 805 2819 impetraret,
831 2747 1052 2807 quoniam
1070 2744 1144 2785 M.
1167 2733 1372 2783 Messala,
1404 2731 1477 2772 M.
1498 2721 1628 2769 Pison

161 2826 306 2889 ssoff.
352 2826 536 2871 Senatus
564 2807 810 2866 censuifl‘et,
836 2807 912 2854 uti
947 2808 1202 2863 quicunque
1224 2788 1438 2842 Galliam
1473 2777 1616 2884 proci}
