1607 3036
334 56 911 122 LIBERJK
1271 64 1392 134 'ff

22 171 24 173 -
51 144 136 199 fsua
156 143 292 188 salute
312 143 609 202 desperantes,
639 150 693 185 ut
712 152 917 186 extremo
938 140 985 185 vi
1011 153 1046 185 κ
1070 88 1390 196 temporetffo-

16 199 46 242 ¹:
63 201 197 253 facere
218 201 558 251 consueverunt,
577 211 657 241 aut
678 202 804 242 suam
831 209 978 241 morte
1050 197 1395 254 miserabantur,

37 259 196 306 arentes
225 258 324 298 suos
345 255 740 308 commendabant,
757 254 790 298 fi
806 269 918 309 quos
937 269 989 296 ex
1011 268 1062 296 eo
1085 253 1281 308 periculo
1300 255 1395 299 for-

47 315 213 360 servare
243 309 474 367 potuisset.
538 311 677 354 Plena
697 324 825 354 erant
848 312 1004 353 omnia
1027 310 1220 361 timoris,
1251 309 1300 352 ὃς
1320 310 1394 354 lu-

70 371 342 414 XXXVIII.
373 368 540 419 Curio,
585 366 663 409 ubi
702 367 951 422 perterritis
971 364 1204 418 omnibus,
1250 379 1393 420 neque

44 425 228 469 tationes
253 422 367 474 suas,
399 436 540 478 neque
556 436 707 481 preces
728 424 882 466 audiri
907 422 1142 478 intelligit,
1159 434 1315 474 unam,
1337 435 1392 466 ut
1430 454 1434 457 ‚

14 475 128 525 'seris
151 480 295 532 rebus,
321 480 442 536 spem
465 479 687 533 reliquam
707 478 863 522 salutis
888 476 969 521 effe
991 478 1257 527 arbitratus,
1289 491 1392 532 pro-

16 530 51 582 s
69 535 191 580 colles
211 549 362 590 capere
382 534 625 589 universos,
657 546 794 590 atque
816 548 867 577 eo
898 534 1056 577 inferri
1086 532 1207 590 figna
1241 534 1289 588 ju
1300 533 1392 580 bet.

34 606 193 647 nmque
222 602 505 649 praeoccupat
527 590 683 634 miffus
706 591 730 635 ὲ
753 592 923 635 Sabura
954 590 1201 644 equitatus.
1261 590 1392 634 Tum

16 637 329 692 'dsummam
347 646 701 705 desperationem
726 645 872 689 nostri
893 646 1160 705 perveniunt
1182 659 1191 687 ε
1223 643 1273 687 &
1288 660 1396 705 par-
1409 662 1419 678 -·

19 703 238 763 fugientes
263 704 326 747 -ab
357 705 568 758 equitatu
603 702 967 756 interficiuntur,
1012 702 1185 758 partim
1219 700 1389 757 integri

20 756 219 804 mbunt.
278 762 512 803 Hortatur
547 760 804 803 Curionem
841 759 934 801 Cn.
959 758 1197 801 Domitius
1233 759 1395 814 praefe-

49 818 240 868 mitum,
269 829 370 858 cum
391 816 545 873 paucis
566 816 795 868 equitibus
817 812 1163 866 circumfistens,
1194 825 1246 854 ut
1279 813 1394 874 fuga

47 875 50 878 ⁴
96 883 249 932 spetat,
278 883 414 928 atque
450 872 496 914 in
517 871 659 914 castra
679 869 952 914 contendat:
1003 869 1052 915 δέ
1075 870 1114 912 se
1137 866 1193 912 ab
1213 882 1266 910 eo
1301 884 1395 914 n-on

25 938 189 972 ¹turum
218 928 468 984 pollicetur.
529 928 596 970 At
633 927 802 980 Curio,
832 939 1065 980 nunquam
1091 922 1251 968 amisso
1271 938 1395 968 exer-

38 998 172 1040 quem
198 981 223 1026 ὲ
258 985 438 1028 Caesare
459 982 571 1026 fidei
590 984 678 1026 suae
706 980 999 1026 commissum
1022 981 1256 1036 acceperit,
1286 982 1325 1024 se
1345 984 1393 1026 in

43 1039 285 1100 0nspeestum
310 1040 614 1093 reversurum,
645 1038 922 1090 confirmat3
975 1049 1113 1095 arque
1135 1048 1201 1080 ita
1229 1039 1394 1096 proeli-

41 1097 280 1143 terficitur.
339 1096 526 1150 Equites
549 1095 758 1155 perpauci
793 1110 847 1139 ex
888 1094 1056 1153 proelio
1076 1095 1116 1137 se
1152 1094 1393 1151 recipiunt.

37 1171 54 1206 ‚*
76 1164 187 1212 quos
200 1152 257 1195 ad
277 1151 566 1195 noviffimum
587 1166 767 1210 agmen,
797 1163 1020 1208 equorum
1041 1149 1389 1194 reficiendorum

53 1222 58 1224 ·
82 1205 326 1253 substitisse
358 1208 727 1252 demonstratum
747 1205 830 1260 est,
861 1209 969 1264 fuga
1004 1207 1146 1250 totius
1170 1207 1391 1252 exercitus

47 1264 65 1309 l
94 1263 423 1318 animadversa,
470 1266 552 1308 sese
593 1264 842 1308 incolumes
880 1264 927 1307 in
963 1261 1107 1305 castra
1139 1262 1396 1308 conferunt.

44 1320 145 1366 ἀεὶ
167 1335 311 1365 unum
333 1335 489 1364 omnes
523 1319 880 1364 interficiuntur.
943 1322 1145 1362 XXXIX
1160 1351 1169 1361 .
1212 1321 1300 1362 His
1321 1335 1389 1363 re-

36 1398 45 1415 ·
62 1379 205 1431 uitis,
234 1380 304 1420 M.
325 1376 477 1422 Rufus
497 1378 697 1433 'quaestor
717 1377 761 1418 in
785 1376 941 1418 castris
966 1374 1145 1418 renerus
1170 1371 1195 1416 ὲ
1217 1376 1392 1419 Curio-

60 1445 239 1479 ortatur
258 1433 376 1487 suos,
405 1448 459 1477 ne
493 1434 652 1476 animo
687 1431 917 1476 deficiant.
976 1431 1219 1482 Illiorant,
1252 1443 1390 1486 atque

54 1502 146 1542 ant,
175 1491 290 1533 utin
310 1489 509 1533 Siciliam
529 1489 720 1532 navibus
743 1497 1049 1546 reportentur.
1110 1487 1355 1530 pollicet-ur
1375 1503 1391 1531 t

36 1548 50 1582 [t
68 1546 209 1602 risque
230 1547 422 1604 imperat
441 1547 646 1600 navium,
677 1557 730 1588 ut
749 1547 903 1603 primo
923 1544 1098 1600 vespere
1116 1557 1270 1587 omnes
1302 1545 1392 1588 sca-

36 1601 82 1647 d
103 1603 232 1646 littus
263 1602 468 1660 appulsas
490 1601 701 1645 habeant.
760 1602 841 1644 Sed
875 1611 1030 1644 tantus
1060 1597 1153 1642 fuit
1173 1601 1389 1651 omnium

49 1670 141 1712 ,:,ut
162 1658 239 1702 alii
261 1657 401 1702 adesse
419 1659 566 1713 copias
587 1660 712 1708 Jubae
737 1655 1054 1710 dicerennalii
1074 1669 1179 1698 cum
1205 1654 1393 1712 legioni·

94 1728 165 1758 are
184 1717 381 1767 Varum,
396 1715 579 1768 jamque
601 1714 639 1757 se
663 1714 895 1769 pulverem
921 1713 1185 1755 venientum
1203 1726 1396 1767 cernere-3

62 1793 85 1809 υ
118 1785 271 1815 rerum
295 1771 409 1815 nihil
430 1771 623 1814 omnino
648 1772 900 1823 acciderat3
931 1768 1013 1813 alii
1030 1765 1209 1810 classem
1245 1767 1392 1811 hosti-

39 1825 201 1874 lenter
215 1826 532 1870 advolaturam
557 1825 898 1880 suspicarentur.
962 1829 1122 1878 Itaque
1142 1825 1393 1881 perterritis

95 1898 128 1935 s,
145 1883 226 1926 fibi
247 1883 437 1940 quisque
459 1882 733 1926 consulebat.
795 1885 889 1936 Qui
911 1881 955 1923 in
973 1879 1101 1923 claffe
1121 1893 1266 1933 erant,
1289 1894 1393 1935 pro-

45 1938 347 1996 ¹properabant
369 1955 379 1982 τ
417 1942 599 1983 Horum
620 1937 729 1998 fuga
749 1942 937 1982 navium
962 1937 1272 1981 onerariarum
1293 1952 1394 1981 ma-

41 2009 73 2039 s
93 1995 326 2049 incitabat,
356 1996 487 2055 pauci
511 1994 742 2038 lenunculi
768 1994 821 2039 ad
845 1992 1067 2045 officium,
1115 1993 1393 2051 imperium-

42 2052 337 2097 inveniebant.
398 2051 476 2094 Sed
503 2061 630 2094 tanta
653 2063 751 2095 erat
771 2050 1003 2108 completis
1028 2050 1264 2093 littoribus
1284 2062 1394 2092 con-

41 2120 83 2160 r,
122 2109 200 2164 qui
222 2107 497 2166 potiffimum
518 2121 572 2150 ex
593 2121 761 2166 magno
791 2120 986 2150 numero
1019 2105 1394 2163 conscenderent-3

43 2205 45 2208 .
63 2163 272 2209 titudine
292 2176 428 2219 atque
449 2177 581 2207 onere
601 2163 806 2207 nonnulli
827 2164 1208 2218 deprimerentur,
1228 2161 1394 2216 reliqui

41 2233 194 2265 aorem
216 2221 404 2276 propius
423 2221 546 2263 adire
570 2219 879 2263 tardarentur.
935 2221 1036 2263 XL.
1070 2217 1248 2275 Quibus
1261 2218 1394 2264 rebus

84 2283 160 2322 *ut
179 2280 306 2336 pauci
328 2276 775 2334 milites‚„patresque
796 2274 998 2328 familiae,
1028 2276 1107 2329 qui
1128 2285 1210 2318 aut
1228 2274 1396 2332 gratia,

55 2330 302 2380 ism-icordia
324 2332 542 2384 valerent,
570 2343 648 2376 aut
666 2346 797 2376 naves
823 2331 988 2375 adnare
1006 2327 1195 2389 poffent,
1225 2333 1396 2388 recepti

122 2405 166 2432 m
187 2389 751 2448 incolunies,pervenirent.
822 2386 1032 2442 Reliquae
1066 2388 1224 2444 copiae,
1253 2383 1396 2432 miffis

43 2457 156 2493 tum
179 2444 315 2489 nodia
336 2446 595 2502 legatorum
617 2458 808 2488 numero
846 2444 1207 2494 centurionibus,
1235 2442 1318 2485 sese
1353 2444 1394 2488 ei

47 2513 189 2549 exunt.
248 2504 462 2559 Quorum
489 2500 695 2545 cohortes
727 2500 933 2544 militum
958 2499 1074 2550 Iuba
1105 2496 1289 2558 postero
1318 2499 1393 2543 die

43 2556 246 2616 ··pidum
268 2558 561 2614 conspicatus,
601 2558 735 2602 suam
771 2555 854 2602 effe
888 2556 1141 2612 >praedicans
1180 2552 1396 2609 praedam,

73 2625 119 2669 ιιι
151 2623 326 2672 partem
356 2628 514 2656 eorum
546 2613 739 2657 interfici
767 2612 914 2668 juffit:
965 2625 1129 2671 paucos
1162 2609 1323 2654 elea-Ros
1345 2611 1394 2654 in

50 2667 295 2721 nsi-emisit.
352 2670 480 2712 Cum
507 2672 653 2713 Varus
686 2669 808 2713 suam
830 2668 969 2712 fidem
992 2667 1049 2711 ab
1068 2682 1120 2711 eo
1156 2665 1260 2711 laedi
1282 2677 1393 2722 que-

55 2728 105 2777 ’ᾗ
117 2737 258 2782 neque
275 2722 468 2769 refistere
489 2725 671 2770 auderet
690 2740 705 2778 ς
734 2726 822 2781 ipse
843 2738 960 2780 equo
995 2724 1042 2766 in
1075 2723 1300 2781 oppidum
1321 2737 1396 2767 ve-

55 2781 423 2842 ’»Φίε<.1ιιειιιίὸιιε
444 2781 752 2839 compluribus
767 2780 1065 2838 senatoribus,
1108 2793 1199 2838 quo
1228 2778 1276 2823 in
1303 2792 1407 2843 nna

61 2854 105 2896 ει
1261 2847 1391 2879 mero
