1648 3036
237 14 249 21 ,
717 8 724 15 ·
1290 9 1305 19 ψ
1414 4 1420 9 “
1519 0 1581 31 aa·
1626 0 1631 21 1

208 59 286 136 58
451 60 578 118 DE
624 62 669 118 B
700 61 956 117 ELLo
998 59 1466 140 GALLsco
1519 0 1624 133 f}

206 157 279 193 ter
295 138 500 194 miliium
520 150 731 210 passuum
752 164 846 194 xxx
867 148 892 194 ὲ
912 151 1185 197 continenti.
1243 154 1368 197 Huic
1390 152 1453 196 rei
1472 136 1622 208 quod&

206 207 265 250 tis
285 204 369 251 ess‘e
390 207 537 250 visum
559 206 624 250 est
643 207 869 259 militum,
902 208 1136 263 relinquit.
1199 210 1295 269 Ipse
1314 225 1422 253 cum
1442 207 1559 266 legio

204 263 427 319 expeditis
453 278 518 316 iv,
550 263 599 307 ὃς
632 264 860 318 equitibus
882 265 990 308 DC
1012 267 1055 308 C
1076 265 1121 307 C
1160 265 1208 307 in
1242 265 1353 310 fines
1382 264 1631 315 Treviros-2«

205 318 506 377 proficiscitur
528 336 537 362 :
570 320 694 375 quod
732 319 778 364 hi
815 335 955 377 neque
973 319 1030 364 ad
1053 322 1245 365 concilia
1267 322 1521 373 veniebant,
1550 331 1629 379 neq·

206 377 402 432 imperio
434 377 666 435 parebant,
699 375 1044 432 Germanosque
1078 377 1418 421 transrhenanos
1455 377 1635 422 sollicit

204 432 489 476 dicebantur.
550 436 644 476 ΙΙΙ.
680 434 790 477 Haec
807 435 964 478 civitas
987 434 1119 492 longe
1139 433 1398 490 plurimum
1419 434 1561 477 totius
1577 434 1629 484 Gi

205 489 279 533 liae
298 489 507 542 equitatu
527 488 665 544 valet,
694 493 964 547 magnasque
981 491 1116 533 habet
1151 491 1299 550 copias
1320 490 1542 549 peditum,
1573 490 1631 536 RE'

206 556 425 600 numque,
454 556 506 587 ut
525 546 655 604 supra
684 547 1115 598 demonstravimus,
1144 549 1309 605 tangit.
1369 552 1425 591 In
1447 561 1496 589 ea
1515 546 1627 606 civiti

201 601 301 646 'duo
320 603 374 645 de
393 601 651 660 principatu
684 602 801 645 inter
821 605 861 646 se
879 603 1223 655 contendebant,
1256 599 1629 658 Indutiomarus&

207 658 488 715 Cingetorix
511 674 521 701 τ
554 674 608 702 ex
629 660 793 715 quibus
814 660 946 716 alter,
977 659 1251 714 simulatque
1269 660 1326 704 de
1346 661 1538 704 Caesaris
1560 659 1627 724 leg

204 729 407 770 numque
426 713 627 758 adventu
659 717 898 773 cognitum
929 715 1011 769 est,
1041 717 1098 759 ad
1139 731 1243 759 eum
1262 717 1419 770 ven'it3
1449 716 1488 759 se
1510 716 1625 760 suos

204 783 363 814 omnes
382 771 426 814 in
450 770 604 815 officio
622 771 818 826 futuros,
850 787 992 828 neque
1013 772 1069 815 ab
1092 773 1296 817 amicitia
1311 773 1473 832 populi
1496 777 1556 818 R.
1573 771 1618 816 d

204 824 356 871 diuros
375 825 698 871 confirmavit:
729 843 916 884 quaeque
937 831 982 873 in
1002 830 1209 874 Treviris
1240 841 1515 886 gererentur,
1545 824 1633 873 ost

204 882 291 925 dit.
350 886 420 928 At
443 885 790 929 Indutiomarus
827 886 1088 941 equitatum
1127 886 1472 942 peditatumque
1506 889 1632 942 cog'<v

205 939 350 995 iisque
369 941 448 996 qui
469 955 545 999 per
567 952 748 985 aetatern
774 944 817 985 in
838 944 976 986 armis
996 942 1077 987 effe
1098 957 1186 985 non
1210 953 1437 1000 poterant,
1467 942 1514 985 in
1535 941 1614 993 silv

203 997 506 1040 Arduennam
529 997 711 1050 abditis,
741 1009 840 1053 quae
863 1000 1036 1058 ingenti
1074 998 1393 1057 magnitudine
1428 1011 1502 1053 per
1520 1014 1615 1053 ιιι-γι.

203 1048 315 1095 fines
336 1055 646 1098 Trevirorum
671 1051 696 1096 a
720 1053 908 1098 flumine
930 1056 1091 1100 Rheno
1109 1058 1165 1099 ad
1198 1055 1384 1098 initium
1403 1057 1586 1099 Rhemo

206 1110 416 1162 pertinet,
450 1110 619 1154 bellum
644 1124 799 1166 parare
821 1111 1041 1155 instituit.
1071 1112 1149 1155 Sed
1174 1110 1327 1168 postea
1345 1126 1485 1165 quam
1504 1117 1624 1156 nonii

203 1166 238 1208 li
261 1166 481 1223 principes
502 1181 557 1209 ex
578 1179 628 1210 ea
649 1168 846 1217 civitate,
879 1168 929 1210 &
950 1168 1264 1212 familiaritate
1282 1168 1616 1226 Cingetorigis}

202 1221 348 1274 duc'ii,
370 1224 417 1266 ὅ(
441 1223 637 1267 adventu
659 1223 802 1266 nostri
818 1224 1035 1268 exercitus
1054 1224 1284 1281 perterriti
1302 1222 1358 1267 ad
1376 1224 1619 1268 Caesarem'n

202 1289 382 1331 nerunt,
413 1280 462 1323 &
482 1279 537 1322 de
568 1279 656 1323 suis
685 1281 907 1336 privatim·
942 1281 1073 1324 rebus
1095 1281 1152 1324 ab
1174 1294 1226 1324 eo
1259 1290 1405 1338 petere
1438 1293 1613 1339 coepe

202 1335 422 1389 quoniam
443 1336 623 1380 civitati
643 1336 869 1380 consulere
887 1350 976 1379 non
998 1336 1172 1394 poffent
1195 1353 1206 1380 t
1240 1337 1429 1387 veritus,
1447 1350 1501 1378 ne
1519 1336 1622 1381 ab'n

199 1390 335 1433 nibus
355 1391 639 1444 desereretur,
659 1391 1052 1451 (Indutiomarus)
1072 1393 1242 1452 legatos
1260 1393 1316 1436 ad
1339 1392 1613 1446 Caesaremj

201 1448 280 1499 tit,
309 1447 390 1492 sese
422 1449 595 1493 idcirco
613 1448 638 1493 ὲ
657 1448 743 1493 suis
762 1448 1002 1505 discedere,
1030 1460 1166 1504 atque
1186 1450 1243 1493 ad
1271 1462 1377 1492 eum
1395 1448 1542 1493 venire
1561 1456 1623 1493 πο

199 1503 292 1555 isse,
321 1515 416 1559 quo
452 1505 631 1549 facilius
659 1506 893 1549 civitatem
915 1507 962 1548 in
996 1504 1147 1550 officio
1179 1507 1447 1557 contineret,
1477 1519 1531 1549 ne
1547 1519 1612 1549 υ

200 1560 455 1605 nobilitatis
471 1560 672 1615 discessu,
702 1561 827 1619 plebs
850 1574 1033 1621 propter
1053 1561 1413 1621 imprudentiam
1436 1560 1582 1606 labere
1614 1594 1615 1597 ,

199 1615 357 1674 itaque
379 1619 612 1662 civitatem
634 1622 679 1662 in
701 1620 778 1661 sua
814 1620 1035 1677 potestate
1053 1618 1136 1662 effe
1159 1634 1170 1662 ι
1200 1619 1344 1673 seque,
1375 1615 1407 1660 fi
1429 1618 1617 1666 (Σκΐπῑ’

200 1673 423 1729 mitteret,
454 1674 637 1727 adeum
659 1677 704 1718 in
727 1674 870 1718 castra
891 1688 1156 1727 venturum,
1186 1675 1235 1719 &
1267 1675 1380 1727 suas,
1409 1673 1618 1731 civitat?-

196 1728 409 1775 fortunas
429 1733 522 1782 ejus
543 1730 650 1774 fidei
669 1731 1010 1789 permissurum·
1069 1735 1158 1776 IV.
1192 1732 1361 1783 Caesar,
1378 1727 1459 1773 etsi
1477 1731 1623 1775 intel

198 1784 295 1838 bat,
324 1803 412 1844 qua
432 1787 487 1831 de
506 1785 654 1831 cauffa
670 1802 719 1831 ea
740 1787 1013 1843 dicerentur,
1038 1802 1226 1843 quaeque
1257 1800 1365 1830 eum
1394 1799 1459 1830 res
1489 1786 1548 1851 ab

197 1850 307 1885 tuto
327 1844 520 1888 concilio
537 1843 795 1898 deterreret,
824 1856 994 1896 tamen,
1012 1859 1066 1889 ne
1080 1842 1284 1889 aestatem
1301 1843 1349 1886 in
1367 1842 1572 1887 Treviris
1598 1863 1609 1888 e

197 1896 372 1944 sumere
404 1912 654 1960 cogeretur,
684 1902 898 1946 omnibus
927 1902 1058 1945 rebus
1091 1900 1147 1945 ad
1186 1899 1500 1943 Britannicum
1525 1900 1595 1942 ba.

197 1959 484 2013 comparatis,
505 1957 880 2001 Indutiomarum
895 1958 950 2002 ad
973 1960 1013 2001 se
1031 1971 1138 2001 cum
1160 1959 1205 2000 C
1223 1958 1269 2000 C
1291 1954 1525 1998 obfidibus
1541 1968 1570 2000 v
1594 2011 1597 2018 Ι

192 2009 332 2065 jussit.
394 2016 482 2057 His
498 2012 721 2067 addudiiS,
753 2015 867 2059 &in
900 2013 1092 2068 iisfilio,
1113 2011 1463 2074 propinquisque
1481 2012 1597 2064 eius

195 2066 347 2120 nibus,
377 2081 492 2126 quos
514 2070 792 2113 nominatim
814 2082 1097 2124 evocaverat,
1127 2068 1380 2113 consolatus
1405 2066 1610 2112 Induti'.

194 2126 302 2167 runi
321 2126 620 2179 hortatusque
637 2123 718 2179 est,
751 2127 821 2169 uti
855 2127 903 2169 in
924 2125 1079 2171 officio
1111 2135 1393 2187 permaneret
1413 2139 1430 2167 r
1456 2124 1553 2168 nihi
1586 2126 1609 2156 ἰ’

194 2191 301 2223 men
321 2182 455 2225 secius
476 2181 758 2242 principibus
780 2183 1088 2227 Trevirorum
1109 2184 1162 2228 ad
1183 2182 1223 2225 se
1242 2181 1515 2233 convocatiS,
1541 2193 1602 2229 ει,

193 2235 395 2292 gillatim
416 2238 709 2296 Cingetorigi
728 2239 1007 2284 conciliavit.
1067 2238 1206 2298 Quod
1243 2248 1393 2294 quum
1410 2235 1610 2290 merito,

195 2293 224 2336 ὲ
246 2294 286 2337 se
310 2291 407 2337 fieri
428 2295 708 2351 intelligebat
728 2310 738 2337 :
773 2308 876 2338 tum
896 2296 1052 2354 magni
1071 2295 1273 2340 interesse
1292 2292 1609 2339 arbitrabatu‘

194 2349 269 2406 jus
304 2350 627 2396 aue'toritatem
659 2351 779 2394 inter
808 2353 909 2396 suos
939 2351 1338 2411 quamplurimum
1374 2348 1547 2406 valere‚-·
1574 2372 1601 2413 ’ἦ

193 2416 293 2449 tam
332 2409 559 2467 egregiam
596 2407 643 2450 in
682 2409 724 2449 se
753 2408 1040 2452 voluntatem
1078 2405 1400 2466 perspexiffet.-
1438 2405 1492 2450 Id

193 2461 398 2521 graviter
416 2463 1036 2517 tulit'Indutiomarus,suam
1055 2465 1252 2523 gratiam
1273 2463 1390 2506 inter
1407 2462 1506 2505 suos
1527 2471 1590 2507 ni

195 2520 266 2573 &,
293 2520 377 2574 qui
405 2521 492 2571 iam
517 2532 620 2563 ante
640 2519 828 2564 inimico
847 2521 895 2564 in
920 2535 1001 2564 nos
1037 2522 1191 2564 animo
1217 2516 1383 2567 fuiffet‚
1414 2517 1568 2562 multo
1610 2551 1613 2571 2

192 2576 295 2620 vius
311 2576 395 2620 hoc
415 2575 576 2619 dolore
593 2576 776 2618 exarlit.
834 2579 894 2620 V.
917 2579 979 2622 Iis
997 2577 1127 2620 rebus
1144 2575 1421 2626 constitutis,
1452 2573 1570 2618 Caes
1580 2573 1624 2610 1³*

192 2641 382 2690 portum
400 2632 547 2675 Itium
570 2645 674 2674 cum
698 2632 952 2689 legionibus
985 2635 1187 2690 pervenit
1210 2648 1222 2676 ε
1256 2630 1321 2674 ibi
1352 2631 1611 2688 cognosci

191 2702 340 2740 naves,
371 2699 474 2744 quae
494 2688 543 2731 in
566 2686 735 2732 Meldis
755 2689 881 2734 fadiae
918 2701 1061 2742 erant,
1094 2685 1362 2748 tempestate
1394 2685 1545 2739 reiecst
1564 2707 1620 2738 ιχ,

194 2757 298 2785 nere
319 2743 500 2787 cursum
536 2759 626 2788 non
654 2745 865 2801 potuisse,
892 2757 1028 2802 atque
1059 2745 1236 2798 eodem,
1263 2741 1382 2786 unde
1419 2753 1549 2787 erant
1583 2742 1617 2791 ’μ

191 2797 335 2855 ῑεέὶκ,
363 2800 526 2848 relatas
548 2817 561 2848 ε
593 2801 785 2857 reliquas
805 2813 981 2860 paratas
999 2801 1055 2849 ad
1075 2799 1405 2863 navigandum,
1433 2799 1621 2865 atquejjs'
