1648 3036
0 2825 2 2861 l

0 2869 2 2923 l

483 49 537 110 L
580 49 610 111 1
654 48 702 110 B
743 48 796 111 E
838 47 898 110 R
981 46 1033 109 Ι.
1427 50 1514 131 35

15 135 142 199 eripi,
169 135 272 195 quiS
287 137 388 198 pati
409 135 584 195 poffet?
614 138 869 198 postulavit
905 135 1068 182 deinde
1105 134 1280 192 eadem,
1329 151 1431 198 quae
1455 144 1518 189 le-

26 197 134 241 *atis
154 196 202 239 in
225 195 448 240 mandatis
468 195 672 250 dederat,
701 211 757 253 ne
785 204 867 239 aut
887 194 1066 249 Remis,
1093 205 1176 238 aut
1208 209 1368 240 eorum
1388 199 1518 245 sociis

3 207 191 297 {enum
210 251 429 296 inferret:
459 251 632 297 obfides
658 252 888 296 redderet:
923 251 954 294 fi
975 253 1151 296 nullam
1187 263 1366 309 partem
1399 257 1520 300 Ger-

19 321 266 357 manorum
289 307 488 353 domum
527 311 760 353 remittere
796 306 967 364 poss'et3
997 319 1045 353 at
1079 323 1134 353 ne
1166 318 1282 363 quos
1315 312 1520 368 amplius

2 363 241 418 ‚Rhenum
273 365 462 410 tranfire
495 378 747 425 pateretur.
800 365 998 409 XXXV.
1047 364 1309 415 Ariovistus
1345 369 1402 412 ad
1436 383 1521 428 po*

2 420 193 479 :stulata
211 421 400 466 Caesaris
420 437 564 483 pauca
600 421 848 479 respondit,
876 422 932 466 de
971 421 1059 466 suis
1083 422 1332 467 virtutibus
1368 428 1520 471 multa

21 478 321 540 praedicavit:
352 477 551 523 tranfisse
569 479 787 523 Rhenum
828 478 911 521 sese
931 493 1022 522 non
1042 478 1119 522 sua
1136 481 1308 535 sponte,
1336 480 1407 525 sed
1445 498 1521 527 ro-

11 546 204 595 gatum,
233 535 284 579 &
304 534 567 580 accersitum
593 534 620 578 ὲ,
644 536 818 580 Gallis:
849 549 940 578 non
962 535 1051 580 fine
1078 536 1245 590 magna
1283 537 1371 594 spe,
1391 552 1522 598 mag-

17 593 181 649 -nisque
216 593 431 651 praemiis,
459 592 657 635 domum
698 593 1060 651 propinquosque
1097 591 1351 647 reliquisse:
1402 596 1523 641 sedes

22 647 188 693 habere
204 650 254 693 in
276 648 433 693 Gallia
461 649 519 693 ab
540 648 644 708 ipfis
663 647 879 694 concessas
900 664 911 691 ι
942 648 1117 693 obfides
1132 651 1338 706 ipsorum
1356 651 1527 696 volun-

5 708 122 750 'tate
141 703 308 762 dat053
357 705 637 765 stipendium
667 720 821 764 capere
854 705 955 760 jure
995 706 1117 758 belli,
1166 706 1290 760 quod
1328 707 1524 754 vidiores

25 760 158 805 vidiis
187 763 419 822 imponere
455 763 768 806 consueverint
792 778 802 805 :
833 776 925 804 non
958 763 1040 807 sese
1061 763 1226 818 Gallis,
1254 763 1326 807 sed
1363 767 1525 810 Gallos

28 816 112 863 fibi
134 818 305 864 bellum
326 816 529 863 intulisse
552 835 561 863 :
594 834 751 864 omnes
783 820 950 863 Galliae
974 821 1179 863 civitates
1210 820 1266 864 ad
1286 820 1325 865 se
1347 835 1527 882 oppug-

27 874 231 920 nandum
254 873 450 920 venifl'e:
482 889 530 919 ac
564 887 724 921 contra
763 876 804 918 se
823 876 969 920 castra
996 875 1234 921 habuisse:
1266 891 1335 921 eas
1368 893 1526 923 omnes

26 932 177 991 copias
204 946 297 977 uno
330 933 407 976 abs
437 934 477 976 se
514 933 684 992 proelio
705 931 822 976 fusas
840 947 889 976 ac
905 933 1129 990 superatas
1149 932 1229 977 esse
1253 949 1262 976 z
1293 933 1328 979 si
1355 935 1528 979 iterum

27 989 221 1044 experiri
240 987 399 1042 velint,
430 1001 640 1048 paratum
663 993 701 1033 se
720 990 947 1033 decertare
972 1007 981 1033 ε
1018 991 1081 1033 fin
1113 1004 1218 1049 pace
1253 993 1324 1034 uti
1346 992 1528 1046 malint,

24 1045 243 1102 iniquum
280 1045 362 1089 esse
395 1046 449 1089 de
480 1044 711 1105 stipendio
747 1048 961 1100 recusare,
991 1048 1118 1103 quod
1164 1048 1242 1090 sua
1281 1046 1523 1093 voluntate

26 1102 88 1150 *ad
118 1102 164 1146 id
200 1115 382 1160 tempus
406 1103 726 1161 pependerint:
760 1104 1015 1147 amicitiam
1055 1105 1213 1160 populi
1239 1108 1297 1147 R.
1333 1104 1415 1148 fibi
1451 1121 1529 1148 or⁴

29 1172 268 1214 namento,
298 1161 346 1204 ὅ(
387 1157 612 1216 praefidio,
644 1174 735 1203 non
770 1159 1053 1203 detrimento
1087 1159 1170 1205 effe
1190 1171 1428 1217 oportere:
1462 1163 1531 1206 id·

30 1227 120 1274 que
153 1217 194 1259 se
227 1231 276 1260 ea
312 1217 383 1272 spe
419 1213 601 1271 petiffe:
636 1216 666 1269 fi
699 1231 777 1276 per
802 1217 1026 1276 populum
1064 1221 1123 1262 R.
1158 1215 1436 1274 stipendium
1461 1234 1530 1262 re-

30 1273 268 1325 mittatur,
299 1274 349 1318 &
382 1271 587 1316 dedititii
620 1272 985 1329 subtrahantur3
1018 1287 1107 1317 non
1146 1276 1296 1316 minus
1333 1274 1530 1320 libenter

23 1329 113 1373 :sese
149 1330 457 1372 recusaturum
500 1330 658 1390 populi
700 1334 757 1374 R.
781 1329 1056 1381 amicitiam,
1087 1342 1229 1386 quam
1261 1331 1530 1389 appetierit:

31 1385 157 1441 quod
181 1384 533 1431 multitudinem
571 1389 916 1431 Germanorum
955 1386 1003 1429 in
1024 1388 1230 1431 Galliam
1251 1387 1532 1444 transducat,

22 1442 79 1494 jd
117 1442 157 1486 se
194 1445 261 1486 sui
300 1443 555 1497 muniendi,
585 1458 675 1486 non
709 1444 874 1487 Galliae
913 1443 1430 1503 inipugnandae,>cauffa
1463 1445 1533 1490 fa-

16 1513 160 1544 .cere:
211 1501 306 1555 ejus
342 1499 405 1542 rei
428 1500 749 1543 testimonium
782 1498 877 1554 effe,
909 1501 1035 1554 quod
1065 1499 1150 1546 nisi
1204 1513 1409 1559 rogatus,
1439 1517 1531 1546 non

34 1557 223 1608 venerit,
254 1557 304 1601 &
339 1556 463 1613 quod
497 1557 670 1600 bellum
709 1571 799 1600 non
820 1559 1048 1609 intulerit,
1078 1557 1147 1599 sed
1167 1557 1418 1603 defenderit
1443 1573 1455 1600 :
1489 1560 1530 1603 se

0 1640 2 1642 v
34 1613 159 1673 prius
207 1613 254 1656 in
310 1614 516 1658 Galliam
572 1612 752 1665 veniss'e,
813 1626 956 1670 quam
1011 1614 1236 1670 populum
1286 1619 1364 1658 iR.
1416 1630 1533 1658 nun·

37 1684 177 1725 quam
201 1680 303 1713 ante
334 1671 419 1713 hoc
460 1683 640 1730 tempus
661 1669 914 1713 exercitum
938 1673 1102 1730 populi
1135 1676 1194 1716 R.
1216 1672 1380 1715 Galliae
1428 1686 1533 1727 pro·

38 1727 197 1770 vinciae
228 1726 336 1771 fines
353 1725 570 1784 egreffum
599 1744 608 1771 z
642 1726 752 1783 quid
778 1725 859 1769 fibi
882 1727 1050 1772 vellet?
1081 1742 1160 1770 cur
1182 1729 1226 1772 in
1258 1728 1355 1772 suas
1378 1728 1536 1784 poss'es-

38 1783 178 1827 fiones
201 1785 373 1827 veniret
393 1786 407 1830 ζ
442 1785 724 1840 provinciam
746 1784 870 1826 suam
907 1787 988 1828 este
1009 1783 1124 1828 hanc
1145 1784 1369 1838 Galliam,
1401 1784 1536 1829 ficuti

35 1839 164 1884 illam
186 1839 390 1884 nostram
414 1857 423 1884 ε
456 1852 507 1882 ut
527 1840 609 1884 fibi
632 1840 814 1883 concedi
833 1855 923 1883 non
941 1852 1186 1901 oporteret,
1218 1841 1249 1884 fi
1289 1842 1332 1883 in
1355 1841 1536 1886 nostros

40 1894 152 1941 fines
184 1898 408 1956 impetum
443 1896 643 1949 faceret3
674 1897 730 1940 fic
750 1899 936 1949 iterum,
965 1913 1044 1942 nos
1064 1897 1145 1941 esse
1178 1898 1378 1955 iniquos,
1408 1899 1533 1954 quod

43 1953 90 1996 in
120 1953 199 1997 suo
225 1957 323 2010 jure
360 1957 400 1998 se
435 1954 855 2014 interpellaremus:
908 1955 1031 2010 quod
1068 1969 1120 1998 ex
1144 1969 1176 1998 s.
1207 1969 1242 1997 c.
1267 1954 1437 1999 AEduos
1458 1972 1536 2015 ap-

41 2010 226 2067 pellatos
261 2011 432 2056 amicos
483 2012 684 2064 diceret3
734 2025 823 2053 non
855 2012 894 2054 se
934 2024 1032 2055 tam
1075 2012 1340 2063 barbarum,
1390 2026 1535 2067 neque

41 2079 140 2110 tam
160 2069 426 2124 imperitum
459 2067 540 2112 esse
565 2084 733 2121 rerum,
765 2079 816 2110 ut
839 2083 929 2111 non
967 2071 1115 2122 sciret,
1145 2082 1286 2123 neque
1304 2069 1421 2112 bello
1450 2070 1531 2112 Al-

24 2123 287 2182 „lobrogum
326 2127 558 2184 proximo,
611 2125 784 2170 AEduos
823 2127 1048 2170 Romanis
1083 2124 1314 2184 auxilium
1353 2125 1540 2180 tuliffe;

22 2192 187 2238 ,neque
225 2183 336 2237 ipsos
376 2182 422 2224 in
462 2181 529 2226 his
568 2183 953 2236 contentionibus,
984 2197 1094 2237 quas
1120 2182 1257 2226 AEdui
1288 2184 1453 2235 secum,
1484 2183 1537 2227 &

43 2251 150 2281 eum
175 2238 386 2295 Sequanis
422 2238 695 2292 habuissent,
725 2239 903 2282 auxilio
926 2241 1086 2295 populi
1104 2244 1164 2283 R.
1196 2240 1292 2282 usos
1313 2238 1393 2282 effe
1418 2256 1426 2281 ι
1459 2239 1539 2283 de·

25 2294 148 2338 ,bere
189 2295 227 2337 se
269 2295 494 2350 suspicari,
527 2296 742 2339 simulata
780 2298 1010 2339 Caesarem
1044 2296 1265 2344 amicitia,
1297 2296 1419 2352 quod
1460 2312 1536 2339 ex-

29 2351 238 2400 ercitum
267 2353 312 2394 in
346 2353 500 2395 Gallia
535 2353 715 2403 habeat,
749 2354 817 2396 sui
851 2353 1140 2409 opprimendi
1172 2349 1317 2395 caussa
1336 2352 1498 2395 habere
1525 2367 1536 2395 :

30 2407 169 2462 ‘quod
202 2408 282 2452 nifi
322 2408 524 2461 decedat,
554 2422 632 2452 aut
657 2410 907 2452 exercitum
936 2409 1130 2452 deducat
1169 2424 1222 2452 ex
1255 2410 1323 2450 his
1342 2411 1541 2467 regioni·-

30 2465 162 2517 -bus;
197 2465 278 2508 sese
301 2464 431 2509 illurn
456 2482 544 2509 non
567 2482 646 2524 pro
681 2466 848 2520 amico,
876 2466 946 2509 sed
981 2482 1062 2523 pro
1083 2467 1211 2510 hoste
1232 2465 1502 2509 habiturum
1527 2481 1538 2509 :
1594 2519 1599 2522 Ι

29 2521 169 2577 ,quod
195 2520 345 2565 fieum
369 2523 658 2579 interfecerit,
681 2524 841 2567 multis
861 2524 943 2565 sese
967 2523 1216 2576 nobilibus,
1239 2523 1540 2581 principibus-

28 2592 139 2633 .que
168 2579 328 2638 populi
351 2583 553 2624 Romani
574 2593 759 2638 gratum
794 2578 878 2623 effe
912 2580 1143 2625 fac‘iurum
1168 2597 1178 2622 :
1211 2581 1257 2624 id
1279 2579 1319 2623 se
1354 2581 1411 2622 ab
1434 2579 1541 2635 iplis

38 2648 129 2691 *per
163 2650 322 2678 eorum
342 2639 528 2680 nuncios
545 2649 830 2694 compertum
848 2638 1046 2681 habere:
1088 2650 1291 2695 quorum
1325 2634 1542 2682 omniurn

30 2691 248 2749 ¹gratiam
287 2704 422 2747 atque
470 2696 726 2739 amicitiam
765 2695 859 2749 ejus
895 2706 1043 2737 morte
1097 2694 1316 2736 redimere
1361 2691 1544 2751 poffet:

31 2749 178 2803 ‚quod
214 2748 247 2792 fi
283 2750 542 2806 disceffiffet,
580 2767 629 2796 ac
669 2752 860 2795 liberam
901 2751 983 2796 fibi
1034 2748 1334 2807 pofl'effionem
1374 2748 1543 2794 Galliae

28 2804 330 2869 ‘attadidiism
358 2822 528 2870 magno
564 2808 604 2859 se
637 2809 1000 2871 illum7praemio
1035 2818 1450 2874 remuneraturum,
1481 2807 1541 2865 A&

20 2877 58 2922 xss
155 2907 158 2910 ,
779 2872 795 2883 ”
1424 2875 1546 2926 qux:

0 2938 2 3005 j
27 2966 29 2968 ,
