1648 3036
474 29 888 102 LIBER
972 22 1158 103 115v
1403 44 1485 130 ῃ

0 124 147 184 magni
182 121 389 184 ponderis
420 125 526 172 saxa
548 129 597 174 ὃς
619 143 864 186 praeacutas
880 134 1028 178 trabes
1060 132 1110 177 in
1130 147 1268 180 muro
1299 137 1491 183 colloca-

0 193 109 237 rant.
160 179 249 240 lpfi
283 194 411 226 erant
429 198 484 228 ex
519 187 748 239 Cimbris,
778 191 1092 245 Teutonisque
1115 196 1362 251 prognati:
1392 196 1492 250 qui,

0 252 135 292 quum
166 239 254 282 iter
283 238 329 281 in
350 241 633 298 provinciam
653 245 877 301 nostram,
906 259 1042 302 atque
1064 248 1253 293 Italiam
1276 251 1488 305 facerent,

0 294 59 337 nis
86 294 439 353 impedimentis,
471 312 570 352 quae
603 301 752 344 secum
786 317 916 362 agere
950 319 1000 348 ac
1038 316 1221 361 portare
1242 321 1334 350 non
1357 318 1486 364 pote-

0 362 107 402 rant,
142 352 256 395 citra
278 351 449 395 flumen
473 353 691 400 Rhenum
710 357 944 419 depofitis,
976 361 1193 405 custodia:
1233 377 1286 406 ex
1308 364 1397 409 suis
1428 379 1483 408 ac

0 407 197 464 praesidio
236 409 282 451 vi
322 409 468 454 millia
510 413 753 469 hominum
792 431 883 460 una
916 417 1215 471 reliquerunt.
1264 423 1349 474 Hi,
1378 421 1486 480 post

0 477 146 508 :orum
179 465 379 519 obitum,
419 467 593 512 multos
611 472 751 515 annes
770 470 794 515 a
828 472 1037 518 finitimis
1068 474 1306 534 exagitati,
1336 491 1484 534 quum

0 519 96 564 ilias
131 521 304 565 bellum
338 522 574 578 inferrent,
604 526 714 574 alias
751 529 933 574 illatum
950 530 1278 585 defenderent3
1307 535 1485 583 consen·

0 576 33 618 'u
66 591 227 621 eorum
250 582 465 623 omnium
486 596 592 640 pace
625 583 760 639 faeta,
791 586 912 642 hunc
932 586 1017 632 fibi
1050 588 1290 633 domicilio
1324 591 1482 634 locum

0 631 267 693 lelegerunt.
319 639 467 680 XXX.
500 640 586 691 Ac,
634 642 789 699 primo
822 644 1027 688 adventu
1067 645 1290 689 exercitus
1319 647 1486 702 nostri,

0 689 160 734 :tebras
178 705 232 734 ex
254 692 424 747 oppido
445 693 724 742 excursiones
759 699 1002 755 faciebant,
1031 702 1322 762 parvulisque
1357 718 1483 760 proe-

5 746 57 791 iis
91 761 196 790 cum
233 748 399 793 nostris
434 751 783 798 contendebant.
835 756 1014 811 Postea,
1043 758 1165 802 vallo
1205 759 1373 815 pedum
1413 761 1483 806 xii

7 817 33 845 n
75 803 269 849 circuitu
290 822 346 850 xv
367 805 591 861 millium,
617 812 866 868 crebrisque
896 815 1086 859 castellis
1114 817 1484 871 circummuniti,

1 860 154 917 ›ppido
172 861 255 905 sese
290 862 602 910 continebant.
653 868 766 923 Ubi,
794 870 934 914 vineis
963 871 1088 926 aestis,
1116 885 1278 930 aggere
1302 873 1484 918 exstru-

0 916 71 972 510,
103 919 273 962 turrim
322 919 541 965 constitui
579 926 737 978 procul
775 925 1005 980 viderunt,
1054 928 1263 989 primum
1294 930 1485 975 irridere

0 988 37 1018 fx
74 982 226 1030 muro,
255 986 392 1031 atque
429 979 699 1036 increpitare
734 982 937 1037 vocibus,
976 999 1069 1040 quo
1100 995 1230 1029 tanta
1251 987 1485 1033 machina-

0 1030 50 1080 ,io
81 1032 138 1075 ab
158 1042 290 1075 tanto
311 1033 456 1093 spatio
473 1035 793 1082 institueretur
813 1039 828 1084 ἐ
855 1041 1131 1096 quibusnam
1154 1043 1380 1098 manibus,
1401 1055 1484 1088 aut

1 1086 146 1141 {uibus
168 1089 359 1142 viribus,
391 1093 642 1150 praesertim
676 1095 880 1141 homines
922 1099 1114 1143 tantulae
1137 1097 1320 1144 staturae
1342 1100 1480 1156 (nam

1 1143 506 1200 ›lerisqueshominibus
543 1151 713 1207 Gallis,
744 1168 826 1210 pro
876 1155 1195 1213 magnitudine
1231 1170 1481 1216 corporum

1 1202 187 1255 horum,
217 1202 410 1249 brevitas
432 1204 589 1251 nostra
609 1210 864 1253 contemtui
898 1211 990 1264 est)
1006 1213 1126 1256 tanti
1143 1214 1288 1257 oneris
1311 1216 1484 1260 turrim

2 1272 30 1300 n
67 1272 223 1303 muros
255 1259 336 1303 sese
384 1262 602 1308 collocare
639 1264 952 1313 confiderent?
1002 1271 1178 1314 XXXI.
1229 1269 1322 1316 Ubi
1372 1285 1484 1316 vero

0 1315 172 1369 unveri,
201 1314 253 1360 &
283 1319 648 1378 appropinquare
683 1322 913 1369 moenibus
932 1325 1167 1380 viderunt,
1204 1341 1323 1372 nova
1343 1339 1482 1383 atque

0 1368 194 1417 nufitata
211 1373 349 1431 specie
367 1379 609 1429 commoti,
641 1377 811 1437 legatos
832 1382 887 1426 ad
923 1382 1150 1428 caesarem
1180 1382 1236 1427 de
1256 1398 1362 1442 pace
1394 1386 1483 1431 mi-

2 1439 157 1475 erunt:
189 1430 268 1485 qui
308 1431 364 1476 ad
399 1433 519 1475 hunc
542 1435 738 1480 modum
774 1436 955 1483 locuti:
988 1441 1101 1485 Non
1137 1440 1177 1483 se
1197 1438 1480 1496 existimare,

4 1488 216 1531 Romanos
248 1483 338 1531 fine
356 1503 440 1548 ope
461 1494 664 1534 Deorum
686 1493 857 1537 bellum
894 1509 1047 1553 gerere
1075 1511 1087 1540 ε
1115 1498 1197 1552 qui
1214 1508 1352 1543 tantae
1370 1498 1481 1543 alti-

4 1541 153 1586 udinis
185 1545 541 1591 machinationes
571 1559 700 1592 tanta
736 1551 965 1596 celeritate
1002 1567 1287 1610 promovere,
1334 1555 1385 1600 δε
1420 1570 1480 1602 ex

0 1597 324 1656 propinquitate
358 1617 558 1663 pugna-re
578 1603 786 1664 possent:
820 1609 888 1664 Se,
924 1609 1090 1664 suaque
1121 1613 1281 1656 omnia
1314 1626 1478 1657 eorum

0 1655 190 1702 sotestati
207 1659 470 1716 permittere
490 1661 710 1706 dixerunt
731 1678 742 1707 :
775 1678 923 1710 unum
951 1679 1115 1726 petere,
1145 1682 1195 1712 ac
1215 1668 1442 1726 deprecari
1465 1685 1482 1725 ;

0 1736 1 1739 =
44 1709 164 1774 sorte
200 1727 284 1771 pro
302 1715 379 1760 sua
413 1715 652 1762 clementia
672 1735 721 1763 ac
738 1721 1103 1776 mansuetudine,
1137 1740 1277 1780 quam
1300 1725 1383 1785 ipfi
1410 1727 1476 1771 -ab

7 1765 78 1812 {iis
110 1769 351 1825 aiidiss'ent,
382 1770 622 1829 statuisset,
653 1777 901 1824 Atuaticos
936 1778 1018 1826 effe
1051 1783 1390 1835 conservandos,
1421 1798 1476 1830 ne

9 1838 19 1867 ε
49 1825 186 1869 armis
216 1827 487 1886 despoliaret
506 1848 520 1876 .·
550 1830 633 1875 fibi
654 1848 808 1879 omnes
841 1836 935 1880 fere
967 1835 1193 1882 finitimos
1217 1837 1299 1884 effe
1318 1841 1477 1889 inimi·-

31 1895 64 1936 ς,
93 1896 144 1926 ac
163 1884 252 1928 suae
277 1887 444 1930 virtuti
463 1887 668 1933 invidere
689 1905 705 1941 ;
732 1895 753 1935 a
771 1892 939 1947 quibus
958 1896 999 1938 se
1017 1892 1270 1950 defendere,
1289 1897 1478 1942 traditis

7 1937 234 1992 rmis,non
254 1941 457 2001 possent:
489 1942 573 1987 fibi
595 1945 823 2005 praestare,
852 1951 883 1993 fi
903 1951 952 1995 in
978 1965 1081 1995 eum
1103 1953 1252 1997 casum
1281 1954 1475 1999 deduce-

6 2007 149 2047 entur,
179 2001 393 2052 quamvis
410 1999 645 2046 fortunam
676 2002 702 2047 a
726 2006 898 2061 populo
919 2011 977 2052 R.
1012 2009 1126 2066 pati,
1165 2024 1303 2065 quam
1328 2012 1386 2055 ab
1403 2011 1476 2057 his

34 2053 328 2100 t.cruciatum
368 2057 599 2112 interfici3
628 2061 894 2116 interrquos
913 2062 1147 2109 dominari
1178 2067 1474 2115 consuessent.

8 2111 178 2154 ZXXII.
218 2111 288 2156 Ad
323 2111 606 2160 haeeCaefar
625 2117 871 2178 respondit,
904 2121 945 2165 se
973 2123 1119 2181 magis
1148 2125 1472 2170 consuetudine

6 2179 64 2216 ta,
94 2181 235 2223 quam
267 2171 434 2214 merito
483 2186 658 2227 eorum,
704 2176 943 2221 civitatem
975 2182 1350 2226 conservaturum
1372 2198 1386 2227 ε
1435 2183 1470 2229 fi

6 2224 112 2268 rim,
146 2238 286 2280 quam
327 2229 442 2272 aries
479 2244 667 2275 murum
707 2233 942 2292 attigisset,
981 2236 1020 2279 se
1056 2237 1362 2296 dedidiffent3
1393 2240 1469 2284 sed

30 2279 215 2326 ditionis
237 2284 410 2328 nullam
434 2284 520 2330 esse
553 2289 879 2343 conditionem,
910 2292 991 2336 nifi
1013 2295 1151 2337 armis
1190 2296 1372 2340 traditis
1393 2311 1404 2339 t
1427 2297 1469 2340 se

8 2336 38 2388 l,
65 2338 189 2390 quod
207 2341 253 2385 in
278 2341 477 2385 Nervios
495 2343 679 2397 fecisset,
711 2346 942 2391 fadiurum
963 2364 976 2402 ;
1005 2348 1305 2407 finitimisque
1325 2356 1473 2412 impe-

25 2404 200 2439 turum.
235 2410 287 2439 ne
309 2412 450 2452 quam
471 2400 696 2446 dedititiis
719 2404 878 2462 populi
903 2410 961 2449 R.
983 2407 1198 2462 injuriam
1234 2409 1472 2456 inferrent.

20 2453 280 2496 enunciata
296 2454 352 2498 ad
373 2455 491 2509 suos,
519 2458 587 2501 illi
607 2460 665 2511 se,
694 2475 793 2515 quae
814 2460 1165 2521 imperarentur,
1197 2465 1343 2509 facere
1364 2469 1474 2512 dix-

19 2519 116 2551 unt.
156 2509 415 2554 Armorum
451 2528 616 2573 magna
638 2517 936 2563 multitudine
969 2520 1024 2564 de
1043 2523 1245 2566 mur-oin
1283 2522 1467 2576 foffam,

95 2572 321 2610 erat'ante
339 2570 581 2627 oppidum,
621 2573 752 2627 jadia,
783 2573 840 2618 fic
860 2587 914 2619 ut
934 2590 1073 2636 prope
1089 2580 1326 2624 summam
1346 2583 1468 2626 muri

56 2621 227 2677 erisque
255 2623 551 2670 altitudinem
583 2632 731 2674 acervi
768 2645 1006 2676 armorum
1042 2634 1366 2690 adaequarent:
1414 2639 1467 2683 δε

16 2688 119 2726 mn
141 2679 317 2724 circiter
333 2694 459 2740 parte
479 2685 615 2729 tertia
637 2686 712 2741 (ut
731 2686 883 2746 postea
904 2689 1175 2746 perspedium
1198 2690 1286 2749 est)
1307 2694 1466 2748 celata,

48 2744 50 2746 ’
80 2747 102 2777 e
134 2734 180 2777 in
197 2737 369 2794 oppido
389 2751 575 2788 retenta,
607 2745 749 2801 portis
770 2745 1017 2799 patefatstis,
1048 2761 1101 2791 eo
1127 2748 1202 2792 die
1219 2763 1325 2808 pace
1359 2751 1464 2796 sunt

40 2794 329 2842 ‚2:01an
359 2796 451 2843 Sub
487 2798 719 2859 vesperum
758 2801 911 2850 Caesar
945 2812 1098 2861 portas
1134 2805 1304 2862 claudi,
1335 2807 1463 2850 mili-

1308 2863 1462 2920 tesque
