1648 3036
472 61 1022 130 LIBERI:
1411 74 1496 140 Ξῖ

7 146 221 194 consedit.
270 149 497 196 Postridie
528 153 623 208 ejus
660 153 763 205 diei,
794 163 958 215 praeter
991 155 1137 202 castra
1177 160 1367 209 Caesaris
1399 166 1498 213 suas

9 206 160 262 copias
180 206 454 263 transduxit,
486 209 534 253 ὃς
558 209 760 255 millibus
779 211 987 272 passuum
1014 231 1056 258 11
1083 215 1207 261 ultra
1226 231 1330 264 eum
1353 223 1499 268 castra

25 299 28 305 .
52 261 148 314 cit3
181 276 233 305 eo
254 262 457 318 consilio,
485 266 557 308 uti
595 265 831 312 frumento
847 283 1211 329 commeatuque,
1243 279 1318 330 qui
1349 294 1402 322 ex
1426 281 1498 323 Se-

7 320 171 370 quanis
207 320 256 362 &
296 320 456 364 AEduis
491 322 848 382 supportaretur,
890 326 1123 371 Caesarem
1161 331 1498 379 intercluderet.

5 373 79 426 Ex
115 388 165 417 eo
200 374 274 418 die
297 377 388 421 dies
410 380 645 422 continuos
667 394 693 423 v
731 381 887 425 Caesar
916 396 1000 440 pro
1034 384 1191 430 castris
1213 388 1308 432 suas
1344 393 1494 449 copias

4 421 306 491 iii-oduxiss&
326 435 464 477 aciem
489 434 762 480 instruerem
799 438 960 483 habuit
982 456 992 492 3
1024 441 1154 494 ut,2fi
1191 446 1323 489 vellet
1349 451 1490 492 Ario-

28 485 150 532 ⁴'istus
175 489 341 546 proelio
376 490 657 545 contendere,
696 496 733 537 ei
754 495 950 550 potestas
986 512 1075 540 non
1095 497 1274 546 deeffet.
1307 506 1500 550 Ariovi-

43 572 46 574 ψ
82 559 97 586 s
122 543 190 587 his
212 545 424 592 omuibus
446 548 602 592 diebus
623 555 873 595 exercitum
893 551 1046 598 castris
1068 557 1311 602 continuit.
1348 564 1498 617 Eque-

47 600 87 643 ri
122 600 291 658 proelio
328 604 534 658 quotidie
569 609 822 653 contendit.
870 611 1027 654 Genus
1065 612 1166 675 hoc¹
1187 628 1284 660 erat
1317 632 1498 677 pugnae,

36 669 96 699 uo
131 657 171 699 se
211 659 437 704 Germani
474 675 783 709 exercuerant.
840 666 1070 720 Equitum
1102 672 1251 714 millia
1286 687 1413 718 erant
1434 679 1498 731 vi,

27 710 200 758 otidesn
246 728 440 761 numero
480 718 650 775 pedites
690 722 968 775 velociffimi,
999 739 1049 767 ac
1086 725 1346 782 fortiffimi3
1382 746 1496 788 quos

29 782 56 811 x
92 769 219 812 omni
242 773 371 831 copia
390 771 553 833 singuli
574 775 786 834 singulos,
815 780 903 822 suae
938 780 1096 826 salutis
1126 783 1291 840 mulsa,
1319 788 1498 846 delege-

27 836 119 870 ant.
170 827 299 870 Cum
322 828 388 873 his
426 833 473 874 in
505 833 680 890 proeliis
701 834 1021 881 x'ersabantur:
1054 839 1111 882 ad
1146 841 1227 884 hos
1246 844 1286 887 se
1322 848 1496 899 equites

29 882 276 942 ecipiebant
298 900 309 928 :
341 885 405 940 hi,
439 885 600 945 siquid
622 903 719 936 erat
745 893 924 947 durius,
953 898 1308 944 concurrebant:
1343 902 1374 946 fi
1397 904 1494 960 qui,

37 941 210 986 taviore
237 941 423 986 vulnere
457 957 658 1004 accepto,
709 964 827 1004 equo
855 949 1146 1006 deciderant,
1190 956 1497 1004 circumliste-
1560 981 1562 983 ·

33 1007 109 1040 ant
130 1011 141 1040 ε
175 996 204 1040 fi
225 1011 317 1052 quo
336 1012 432 1044 erat
453 1000 635 1061 longius
654 1005 994 1065 prodeundum,
1022 1021 1103 1053 aut
1125 1010 1311 1059 celerius
1333 1018 1494 1076 recipi-

25 1051 185 1108 udum,
216 1064 348 1099 tanta
374 1070 467 1101 erat
491 1059 658 1104 horum
697 1062 1020 1109 exercitatione
1056 1066 1270 1117 celeritas,
1304 1085 1356 1115 ut
1377 1075 1497 1130 jubis

23 1112 217 1165 quorum
254 1111 478 1159 sublevati
515 1117 696 1161 cursum
735 1120 1041 1175 adaequarent.
1099 1127 1203 1170 XL.
1252 1128 1346 1172 Ubi
1385 1146 1491 1176 eum

25 1165 158 1209 astris
192 1168 274 1211 sese
295 1179 442 1214 tenere
476 1174 632 1218 Caesar
653 1177 896 1232 intellexit,
927 1191 980 1222 ne
1014 1178 1193 1225 diutius
1232 1197 1494 1233 commeatu

32 1222 330 1279 rohiberetur‚
381 1228 506 1272 ultra
540 1245 645 1274 eum
690 1233 862 1288 locum,
909 1249 1000 1288 quo
1030 1237 1078 1280 in
1124 1238 1227 1282 loco
1264 1244 1496 1291 Germani

27 1279 314 1335 onsederant,
352 1284 527 1328 circiter
567 1289 714 1345 paffus
752 1291 847 1333 DC
881 1290 939 1333 ab
977 1292 1048 1336 his
1081 1295 1237 1339 castris
1270 1298 1494 1346 idoneum

18 1348 147 1393 ocum
165 1334 364 1396 delegit3
396 1341 575 1396 acieque
604 1345 775 1404 triplici
813 1345 1052 1402 instruc'ta,
1102 1350 1160 1395 ad
1198 1366 1302 1398 eum
1335 1356 1494 1403 locum

26 1391 134 1438 enit.
163 1396 474 1453 Primam,*&
493 1400 736 1446 secundam
758 1402 902 1447 aciem
924 1406 970 1447 in
991 1407 1132 1452 armis
1166 1407 1270 1465 effe,
1300 1416 1491 1460 tertia-m

18 1447 136 1495 astra
153 1453 334 1496 munire
355 1452 489 1504 iuffit.
519 1457 632 1500 'Hic
654 1457 854 1505 lo-cus‘ab
871 1460 1002 1506 hoste
1028 1463 1209 1509 circiter
1227 1464 1375 1527 paffus
1394 1471 1494 1517 sex-

6 1511 158 1562 entos,
181 1509 255 1557 uti
275 1508 455 1555 dietum
477 1510 560 1566 est,
581 1513 749 1560 aberat.
783 1519 1048 1564 ancirciter
1066 1520 1312 1569 hominum
1332 1542 1495 1575 nume-

9 1577 100 1608 .um
130 1565 209 1610 xvi
231 1566 380 1611 millia
416 1570 630 1628 expedita
661 1586 768 1616 cum
806 1576 937 1618 omni
971 1578 1178 1630 equitatu
1225 1583 1494 1633 Ariovistus

9 1630 13 1632 ’
47 1620 120 1665 iflt
142 1635 155 1675 3
174 1637 272 1680 quae
292 1625 430 1683 copiae
454 1627 635 1672 nostros
657 1641 975 1689 pei-terrerent,
992 1634 1315 1686 &munitione
1335 1644 1494 1702 prohi-

7 1689 10 1692 “
50 1690 166 1725 rent.
215 1681 387 1727 Nihilo
419 1681 556 1729 secius
584 1686 755 1742 Caesar,
783 1699 838 1733 ut
877 1698 981 1734 ante
1022 1693 1343 1754 constituerat,
1371 1701 1488 1749 duas

23 1734 105 1780 cies
126 1734 303 1782 hostem
321 1741 601 1800 propulsare,
631 1746 816 1790 tertiam
850 1761 964 1805 opus
984 1749 1195 1806 perficere
1213 1753 1348 1809 juffit.
1379 1762 1491 1802 Mu-

22 1791 107 1837 'itis
144 1791 316 1849 castris,
346 1797 456 1841 duas
492 1798 559 1843 ibi
581 1800 776 1858 legiones
803 1802 1009 1859 reliquit,
1039 1805 1091 1850 δε
1121 1821 1298 1866 partem
1320 1816 1493 1860 auxili-

23 1861 126 1893 rum
147 1865 160 1895 τ
190 1863 389 1906 quatuor
408 1855 604 1911 reliquas
627 1860 672 1902 in
693 1858 837 1903 castra
859 1862 1038 1913 maiora
1070 1864 1272 1911 reduxit.
1322 1874 1485 1917 Proxi-

42 1918 72 1949 ο
89 1905 178 1960 die,
205 1908 426 1954 instituto
445 1912 526 1956 suo
558 1914 777 1959 Caesare>-
803 1917 975 1971 ,cestris
1012 1920 1212 1977 utrisque
1237 1926 1384 1984 copias
1417 1929 1488 1973 su·

20 1963 242 2009 seduxit:
271 1968 624 2026 paullulumque
652 1970 677 2014 a
702 1973 953 2025 maioribus
976 1978 1229 2036 progrefl‘us
1249 1985 1390 2028 aciem
1415 1987 1487 2030 in-

10 2015 176 2073 truxit,
221 2021 518 2081 hostibusque
556 2030 790 2086 pugnandi
828 2031 1105 2090 potestatem
1137 2037 1262 2081 fecit.
1317 2041 1408 2086 Ubi
1432 2058 1488 2088 ne
1552 2080 1555 2082 »

14 2089 92 2120 um
111 2078 295 2134 quidem
315 2094 387 2126 eos
406 2082 590 2141 prodire
608 2086 854 2141 intellexit,
885 2089 1063 2135 circiter
1083 2094 1326 2140 meridiem
1358 2112 1487 2144 exer-

9 2129 134 2183 itum
163 2135 211 2179 in
232 2135 378 2182 castra
399 2140 600 2189 reduxit.
631 2143 765 2186 Tum
803 2143 995 2190 demum
1016 2149 1284 2196 Ariovistus
1306 2168 1484 2214 partem

11 2188 15 2195 '
36 2203 170 2241 atum
193 2194 448 2253 copiarum,
477 2211 577 2253 quae
613 2198 761 2245 castra
785 2201 964 2246 minora
986 2219 1286 2265 oppugnaret,
1320 2213 1447 2257 mifit
1471 2229 1486 2260 t

16 2247 170 2299 triter‘
197 2251 447 2308 utrimque,
513 2255 650 2310 usque
693 2257 750 2299 ad
794 2258 1043 2319 vesperum,
1108 2278 1370 2321 pugnatum
1404 2269 1486 2316 est.

15 2301 101 2355 olis
118 2308 270 2349 occasu
289 2308 385 2352 suas
405 2311 554 2367 copias
577 2311 857 2368 Ariovistus,
893 2319 1056 2363 multis
1076 2320 1125 2363 δε
1145 2322 1300 2376 illatis,
1332 2325 1381 2369 ὃς
1412 2341 1484 2370 ac·-

67 2360 124 2413 tis
140 2362 423 2417 vulneribus,
440 2367 487 2410 in
507 2366 651 2412 castra
671 2369 872 2434 reduxit.
905 2375 1067 2439 Quum
1086 2391 1141 2420 ex
1156 2381 1346 2437 captivis
1361 2388 1486 2438 quae4

25 2587 187 2635 onibus
217 2587 520 2648 declararent,
567 2605 731 2639 utrum
772 2597 992 2655 proelium
1042 2606 1279 2650 committi
1316 2623 1370 2652 ex
1401 2610 1483 2653 usu

51 2690 67 2695 „
89 2674 107 2694 ‚
125 2659 213 2690 ¹nec
229 2661 284 2691 ne
305 2663 316 2692 ε
347 2663 417 2693 eas
436 2651 502 2694 ita
519 2650 685 2706 dicere,
713 2668 803 2696 non
827 2653 912 2699 effe
943 2656 1010 2701 fas
1029 2662 1288 2706 Germanos
1305 2664 1483 2725 supera-

77 2699 109 2743 fi
127 2712 231 2746 ante
249 2718 416 2748 novam
446 2711 628 2752 Lunam
649 2710 818 2768 proelio
832 2714 1177 2761 contendissent.
1227 2723 1358 2766 XLI.
1393 2727 1483 2766 Po-

23 2752 144 2803 fflie
170 2759 264 2817 ejus
284 2761 374 2806 diei
397 2763 549 2807 Caesar
583 2766 793 2821 praefidio
812 2769 1014 2824 utrisque
1047 2773 1221 2829 castris,
1268 2779 1390 2833 quod
1414 2779 1487 2832 saa,

25 2812 163 2862 exesse
184 2816 330 2864 visum
355 2818 436 2878 est,
466 2820 642 2882 rehem,
671 2838 830 2884 omnes
851 2826 1018 2875 alarios
1052 2831 1100 2876 in
1123 2833 1365 2937 conspedifi
1376 2834 1479 2898 „ho-

41 2894 65 2918 f.
106 2911 136 2916 ..
1371 2906 1474 2937 ium
